<?xml version="1.0" encoding="UTF-8"?>
<!DOCTYPE html PUBLIC "-//W3C//DTD XHTML 1.0 Transitional//EN"
    "http://www.w3.org/TR/xhtml1/DTD/xhtml1-transitional.dtd">
<html xmlns="http://www.w3.org/1999/xhtml" xml:lang="en" lang="en">
 <head>
  <title>
</title>
<meta http-equiv="Content-Type" content="text/html;charset=utf-8" />
  <meta name='ocr-system' content='tesseract 3.04.00' />
  <meta name='ocr-capabilities' content='ocr_page ocr_carea ocr_par ocr_line ocrx_word'/>
</head>
<body>
  <div class='ocr_page' id='page_1' title='image "./deflaviijosephi00raabgoog_0042.png"; bbox 0 0 3240 5170; ppageno 0'>
   <div class='ocr_carea' id='block_1_1' title="bbox 644 334 861 399">
    <p class='ocr_par' dir='ltr' id='par_1_1' title="bbox 644 334 861 399">
     <span class='ocr_line' id='line_1_1' title="bbox 644 334 861 399; baseline 0.005 -1"><span class='ocrx_word' id='word_1_1' title='bbox 644 334 861 399; x_wconf 74' lang='lat'>-37—</span> 
     </span>
    </p>
   </div>
   <div class='ocr_carea' id='block_1_2' title="bbox 122 524 1343 4315">
    <p class='ocr_par' dir='ltr' id='par_1_2' title="bbox 122 524 1343 3683">
     <span class='ocr_line' id='line_1_2' title="bbox 251 524 1342 613; baseline 0.009 -29"><span class='ocrx_word' id='word_1_2' title='bbox 251 524 400 587; x_wconf 67' lang='lat' dir='ltr'>Ueterum</span> <span class='ocrx_word' id='word_1_3' title='bbox 424 529 460 587; x_wconf 89' lang='lat' dir='ltr'>ut</span> <span class='ocrx_word' id='word_1_4' title='bbox 485 524 694 588; x_wconf 83' lang='lat' dir='ltr'>consecutivo</span> <span class='ocrx_word' id='word_1_5' title='bbox 721 544 817 589; x_wconf 87' lang='lat' dir='ltr'>sensu</span> <span class='ocrx_word' id='word_1_6' title='bbox 841 528 977 590; x_wconf 84' lang='lat' dir='ltr'>uerbum</span> <span class='ocrx_word' id='word_1_7' title='bbox 1002 529 1101 591; x_wconf 81' lang='lat' dir='ltr'>verim</span> <span class='ocrx_word' id='word_1_8' title='bbox 1127 531 1342 613; x_wconf 86' lang='lat' dir='ltr'>subiceretur,</span> 
     </span>
     <span class='ocr_line' id='line_1_3' title="bbox 162 624 1343 714; baseline 0.012 -27"><span class='ocrx_word' id='word_1_9' title='bbox 162 624 298 691; x_wconf 75' lang='lat' dir='ltr'>Flavius</span> <span class='ocrx_word' id='word_1_10' title='bbox 319 628 564 693; x_wconf 89' lang='lat' dir='ltr'>coniunctiones</span> <span class='ocrx_word' id='word_1_11' title='bbox 588 633 671 695; x_wconf 74' lang='grc' dir='ltr'><em>ὥστε</em></span> <span class='ocrx_word' id='word_1_12' title='bbox 694 636 727 694; x_wconf 92' lang='lat' dir='ltr'>et</span> <span class='ocrx_word' id='word_1_13' title='bbox 751 633 797 701; x_wconf 81' lang='grc' dir='ltr'>ὡς</span> <span class='ocrx_word' id='word_1_14' title='bbox 822 632 982 696; x_wconf 80' lang='lat' dir='ltr'>adhibuit.</span> <span class='ocrx_word' id='word_1_15' title='bbox 1026 633 1189 714; x_wconf 74' lang='lat' dir='ltr'>Quantum</span> <span class='ocrx_word' id='word_1_16' title='bbox 1209 635 1343 701; x_wconf 87' lang='lat' dir='ltr'>intersit</span> 
     </span>
     <span class='ocr_line' id='line_1_4' title="bbox 160 730 1342 821; baseline 0.012 -28"><span class='ocrx_word' id='word_1_17' title='bbox 160 730 248 795; x_wconf 85' lang='lat' dir='ltr'>inter</span> <span class='ocrx_word' id='word_1_18' title='bbox 281 732 478 799; x_wconf 77' lang='lat' dir='ltr'>infinitivum</span> <span class='ocrx_word' id='word_1_19' title='bbox 515 743 548 799; x_wconf 90' lang='lat' dir='ltr'>et</span> <span class='ocrx_word' id='word_1_20' title='bbox 577 736 792 801; x_wconf 78' lang='lat' dir='ltr'>indicativum</span> <span class='ocrx_word' id='word_1_21' title='bbox 821 742 896 818; x_wconf 91' lang='lat' dir='ltr'>post</span> <span class='ocrx_word' id='word_1_22' title='bbox 924 737 1121 817; x_wconf 76' lang='lat' dir='ltr'>particulam</span> <span class='ocrx_word' id='word_1_23' title='bbox 1150 743 1232 803; x_wconf 79' lang='grc' dir='ltr'><em>ὥστε</em></span> <span class='ocrx_word' id='word_1_24' title='bbox 1256 742 1342 821; x_wconf 90' lang='lat' dir='ltr'>posi-</span> 
     </span>
     <span class='ocr_line' id='line_1_5' title="bbox 160 841 1340 923; baseline 0.009 -23"><span class='ocrx_word' id='word_1_25' title='bbox 160 842 225 919; x_wconf 88' lang='lat' dir='ltr'>tos,</span> <span class='ocrx_word' id='word_1_26' title='bbox 258 841 542 919; x_wconf 64' lang='lat' dir='ltr'>grammaticorum</span> <span class='ocrx_word' id='word_1_27' title='bbox 573 843 820 908; x_wconf 71' lang='lat' dir='ltr'>accuratissime</span> <span class='ocrx_word' id='word_1_28' title='bbox 849 848 883 908; x_wconf 91' lang='lat' dir='ltr'>et</span> <span class='ocrx_word' id='word_1_29' title='bbox 908 844 1120 923; x_wconf 77' lang='lat' dir='ltr'>sagacissime</span> <span class='ocrx_word' id='word_1_30' title='bbox 1146 847 1243 911; x_wconf 75' lang='lat' dir='ltr'>Aken</span> <span class='ocrx_word' id='word_1_31' title='bbox 1267 847 1287 910; x_wconf 92' lang='lat' dir='ltr'>l.</span> <span class='ocrx_word' id='word_1_32' title='bbox 1314 866 1340 911; x_wconf 92' lang='lat' dir='ltr'>c.</span> 
     </span>
     <span class='ocr_line' id='line_1_6' title="bbox 159 940 1341 1027; baseline 0.01 -23"><span class='ocrx_word' id='word_1_33' title='bbox 159 963 190 1022; x_wconf 94' lang='lat' dir='ltr'>p.</span> <span class='ocrx_word' id='word_1_34' title='bbox 217 940 279 1006; x_wconf 81' lang='lat'>123</span> <span class='ocrx_word' id='word_1_35' title='bbox 304 964 374 1024; x_wconf 84' lang='lat' dir='ltr'>sqq.</span> <span class='ocrx_word' id='word_1_36' title='bbox 399 948 567 1027; x_wconf 75' lang='lat' dir='ltr'>explicuit.</span> <span class='ocrx_word' id='word_1_37' title='bbox 615 948 667 1012; x_wconf 69' lang='lat' dir='ltr'>Ad</span> <span class='ocrx_word' id='word_1_38' title='bbox 693 950 883 1014; x_wconf 73' lang='lat' dir='ltr'>Atticorum</span> <span class='ocrx_word' id='word_1_39' title='bbox 908 969 1054 1014; x_wconf 91' lang='lat' dir='ltr'>normam</span> <span class='ocrx_word' id='word_1_40' title='bbox 1078 952 1119 1014; x_wconf 74' lang='lat' dir='ltr'>aul)</span> <span class='ocrx_word' id='word_1_41' title='bbox 1143 953 1203 1016; x_wconf 93' lang='lat' dir='ltr'>hoc</span> <span class='ocrx_word' id='word_1_42' title='bbox 1229 952 1341 1016; x_wconf 83' lang='lat' dir='ltr'>defini-</span> 
     </span>
     <span class='ocr_line' id='line_1_7' title="bbox 160 1051 1341 1132; baseline 0.006 -16"><span class='ocrx_word' id='word_1_43' title='bbox 160 1062 228 1116; x_wconf 90' lang='lat' dir='ltr'>tam</span> <span class='ocrx_word' id='word_1_44' title='bbox 248 1051 358 1116; x_wconf 76' lang='lat' dir='ltr'>ilarii</span> <span class='ocrx_word' id='word_1_45' title='bbox 383 1072 508 1132; x_wconf 88' lang='lat' dir='ltr'>qnoque</span> <span class='ocrx_word' id='word_1_46' title='bbox 532 1055 566 1118; x_wconf 91' lang='lat' dir='ltr'>in</span> <span class='ocrx_word' id='word_1_47' title='bbox 591 1054 771 1119; x_wconf 78' lang='lat' dir='ltr'>indicativo</span> <span class='ocrx_word' id='word_1_48' title='bbox 797 1057 850 1119; x_wconf 83' lang='lat' dir='ltr'>uel</span> <span class='ocrx_word' id='word_1_49' title='bbox 875 1054 1038 1120; x_wconf 84' lang='lat' dir='ltr'>intinitiuo</span> <span class='ocrx_word' id='word_1_50' title='bbox 1065 1076 1132 1119; x_wconf 90' lang='lat' dir='ltr'>mos</span> <span class='ocrx_word' id='word_1_51' title='bbox 1157 1059 1341 1122; x_wconf 78' lang='lat' dir='ltr'>summatim</span> 
     </span>
     <span class='ocr_line' id='line_1_8' title="bbox 160 1158 1341 1244; baseline 0.004 -21"><span class='ocrx_word' id='word_1_52' title='bbox 160 1158 329 1240; x_wconf 71' lang='lat' dir='ltr'>dirigitur,</span> <span class='ocrx_word' id='word_1_53' title='bbox 372 1177 565 1238; x_wconf 89' lang='lat' dir='ltr'>quamquam</span> <span class='ocrx_word' id='word_1_54' title='bbox 609 1160 710 1224; x_wconf 90' lang='lat' dir='ltr'>multa</span> <span class='ocrx_word' id='word_1_55' title='bbox 754 1161 891 1225; x_wconf 87' lang='lat' dir='ltr'>arbitrio</span> <span class='ocrx_word' id='word_1_56' title='bbox 930 1170 963 1223; x_wconf 83' lang='lat' dir='ltr'>et</span> <span class='ocrx_word' id='word_1_57' title='bbox 1001 1161 1133 1226; x_wconf 83' lang='lat' dir='ltr'>libidini</span> <span class='ocrx_word' id='word_1_58' title='bbox 1171 1164 1341 1244; x_wconf 90' lang='lat' dir='ltr'>scriptoris</span> 
     </span>
     <span class='ocr_line' id='line_1_9' title="bbox 159 1264 1340 1348; baseline 0.004 -21"><span class='ocrx_word' id='word_1_59' title='bbox 159 1264 272 1330; x_wconf 83' lang='lat' dir='ltr'>deberi</span> <span class='ocrx_word' id='word_1_60' title='bbox 306 1264 421 1343; x_wconf 72' lang='lat' dir='ltr'>negari</span> <span class='ocrx_word' id='word_1_61' title='bbox 456 1284 519 1329; x_wconf 94' lang='lat' dir='ltr'>non</span> <span class='ocrx_word' id='word_1_62' title='bbox 556 1273 675 1345; x_wconf 72' lang='lat' dir='ltr'>quaest.</span> <span class='ocrx_word' id='word_1_63' title='bbox 724 1270 1021 1331; x_wconf 79' lang='lat' dir='ltr'>tlommemorentur</span> <span class='ocrx_word' id='word_1_64' title='bbox 1057 1268 1198 1348; x_wconf 88' lang='lat' dir='ltr'>exempli</span> <span class='ocrx_word' id='word_1_65' title='bbox 1234 1268 1340 1333; x_wconf 84' lang='lat' dir='ltr'>instar</span> 
     </span>
     <span class='ocr_line' id='line_1_10' title="bbox 158 1371 1340 1454; baseline 0.002 -19"><span class='ocrx_word' id='word_1_66' title='bbox 158 1372 237 1454; x_wconf 91' lang='lat' dir='ltr'>loci,</span> <span class='ocrx_word' id='word_1_67' title='bbox 270 1371 326 1435; x_wconf 90' lang='lat' dir='ltr'>ubi</span> <span class='ocrx_word' id='word_1_68' title='bbox 350 1371 491 1450; x_wconf 91' lang='lat' dir='ltr'>scriptor</span> <span class='ocrx_word' id='word_1_69' title='bbox 515 1372 648 1435; x_wconf 76' lang='lat' dir='ltr'>(luorum</span> <span class='ocrx_word' id='word_1_70' title='bbox 673 1374 915 1438; x_wconf 85' lang='lat' dir='ltr'>enuntiatormn</span> <span class='ocrx_word' id='word_1_71' title='bbox 948 1394 987 1438; x_wconf 88' lang='lat' dir='ltr'>ex</span> <span class='ocrx_word' id='word_1_72' title='bbox 1019 1377 1101 1438; x_wconf 77' lang='grc' dir='ltr'><em>ὥστε</em></span> <span class='ocrx_word' id='word_1_73' title='bbox 1128 1375 1340 1453; x_wconf 77' lang='lat' dir='ltr'>pendentium</span> 
     </span>
     <span class='ocr_line' id='line_1_11' title="bbox 157 1476 1338 1563; baseline 0.003 -22"><span class='ocrx_word' id='word_1_74' title='bbox 157 1480 257 1543; x_wconf 82' lang='lat' dir='ltr'>verim</span> <span class='ocrx_word' id='word_1_75' title='bbox 283 1477 445 1542; x_wconf 80' lang='lat' dir='ltr'>infinitivo</span> <span class='ocrx_word' id='word_1_76' title='bbox 470 1484 504 1539; x_wconf 87' lang='lat' dir='ltr'>et</span> <span class='ocrx_word' id='word_1_77' title='bbox 527 1476 708 1542; x_wconf 76' lang='lat' dir='ltr'>indicativo</span> <span class='ocrx_word' id='word_1_78' title='bbox 733 1480 971 1563; x_wconf 73' lang='lat' dir='ltr'>aurraeoluthice,</span> <span class='ocrx_word' id='word_1_79' title='bbox 1001 1485 1038 1543; x_wconf 94' lang='lat' dir='ltr'>ut</span> <span class='ocrx_word' id='word_1_80' title='bbox 1061 1479 1163 1563; x_wconf 87' lang='lat' dir='ltr'>aiunt,</span> <span class='ocrx_word' id='word_1_81' title='bbox 1193 1478 1280 1545; x_wconf 85' lang='lat' dir='ltr'>iuter</span> <span class='ocrx_word' id='word_1_82' title='bbox 1303 1499 1338 1545; x_wconf 88' lang='lat' dir='ltr'>se</span> 
     </span>
     <span class='ocr_line' id='line_1_12' title="bbox 158 1581 1337 1669; baseline 0.001 -21"><span class='ocrx_word' id='word_1_83' title='bbox 158 1586 321 1665; x_wconf 78' lang='lat' dir='ltr'>opposuit:</span> <span class='ocrx_word' id='word_1_84' title='bbox 353 1584 392 1646; x_wconf 73' lang='grc' dir='ltr'>Α.</span> <span class='ocrx_word' id='word_1_85' title='bbox 419 1582 510 1664; x_wconf 66' lang='lat' dir='ltr'>XVI,</span> <span class='ocrx_word' id='word_1_86' title='bbox 537 1581 613 1647; x_wconf 75' lang='lat'>194:</span> <span class='ocrx_word' id='word_1_87' title='bbox 644 1587 726 1648; x_wconf 81' lang='grc' dir='ltr'><em>ὥστε</em></span> <span class='ocrx_word' id='word_1_88' title='bbox 754 1587 842 1667; x_wconf 66' lang='grc' dir='ltr'>αὐτῷ</span> <span class='ocrx_word' id='word_1_89' title='bbox 870 1589 924 1649; x_wconf 87' lang='grc' dir='ltr'>καὶ</span> <span class='ocrx_word' id='word_1_90' title='bbox 947 1595 1002 1668; x_wconf 76' lang='grc' dir='ltr'>τῆς</span> <span class='ocrx_word' id='word_1_91' title='bbox 1025 1594 1082 1650; x_wconf 80' lang='grc' dir='ltr'>τσῦ</span> <span class='ocrx_word' id='word_1_92' title='bbox 1106 1588 1263 1669; x_wconf 79' lang='grc' dir='ltr'><em>βασιλέως</em></span> <span class='ocrx_word' id='word_1_93' title='bbox 1287 1589 1337 1667; x_wconf 82' lang='grc' dir='ltr'><em>ε’γ-</em></span> 
     </span>
     <span class='ocr_line' id='line_1_13' title="bbox 159 1690 1336 1775; baseline 0.001 -21"><span class='ocrx_word' id='word_1_94' title='bbox 159 1694 332 1774; x_wconf 72' lang='grc' dir='ltr'><em>γυηθείσης</em></span> <span class='ocrx_word' id='word_1_95' title='bbox 358 1690 518 1770; x_wconf 66' lang='grc' dir='ltr'><em>θυγατρὸς</em></span> <span class='ocrx_word' id='word_1_96' title='bbox 542 1691 598 1771; x_wconf 78' lang='grc' dir='ltr'>τὴν</span> <span class='ocrx_word' id='word_1_97' title='bbox 621 1692 681 1771; x_wconf 82' lang='grc' dir='ltr'>μὲν</span> <span class='ocrx_word' id='word_1_98' title='bbox 708 1694 969 1775; x_wconf 68' lang='grc' dir='ltr'><em>ὑπερηφανῆσαι,</em></span> <span class='ocrx_word' id='word_1_99' title='bbox 1002 1693 1085 1773; x_wconf 86' lang='grc' dir='ltr'><em>πρὸς</em></span> <span class='ocrx_word' id='word_1_100' title='bbox 1116 1692 1151 1754; x_wconf 78' lang='grc' dir='ltr'>δὲ</span> <span class='ocrx_word' id='word_1_101' title='bbox 1175 1700 1211 1774; x_wconf 79' lang='grc' dir='ltr'>τῇ</span> <span class='ocrx_word' id='word_1_102' title='bbox 1236 1694 1336 1775; x_wconf 77' lang='grc' dir='ltr'><em>δούλη</em></span> 
     </span>
     <span class='ocr_line' id='line_1_14' title="bbox 157 1793 1337 1879; baseline -0.001 -17"><span class='ocrx_word' id='word_1_103' title='bbox 157 1800 211 1862; x_wconf 79' lang='grc' dir='ltr'>τὸν</span> <span class='ocrx_word' id='word_1_104' title='bbox 231 1805 308 1862; x_wconf 73' lang='lat' dir='ltr'>voto</span> <span class='ocrx_word' id='word_1_105' title='bbox 327 1796 398 1878; x_wconf 85' lang='grc' dir='ltr'><em>εἶχε.</em></span> <span class='ocrx_word' id='word_1_106' title='bbox 420 1833 458 1838; x_wconf 79' lang='lat'><em>-</em></span> <span class='ocrx_word' id='word_1_107' title='bbox 486 1794 614 1877; x_wconf 80' lang='lat' dir='ltr'>XVIII,</span> <span class='ocrx_word' id='word_1_108' title='bbox 631 1793 708 1861; x_wconf 72' lang='lat'>248:</span> <span class='ocrx_word' id='word_1_109' title='bbox 736 1797 874 1861; x_wconf 84' lang='grc' dir='ltr'><em>Τσσόνὸε</em></span> <span class='ocrx_word' id='word_1_110' title='bbox 898 1799 1081 1862; x_wconf 74' lang='grc' dir='ltr'><em>ἀπελείπετο</em></span> <span class='ocrx_word' id='word_1_111' title='bbox 1105 1805 1161 1861; x_wconf 78' lang='grc' dir='ltr'>τοῦ</span> <span class='ocrx_word' id='word_1_112' title='bbox 1183 1798 1337 1879; x_wconf 78' lang='grc' dir='ltr'><em>Ἡρώδου</em></span> 
     </span>
     <span class='ocr_line' id='line_1_15' title="bbox 122 1898 1339 1984; baseline -0.001 -16"><span class='ocrx_word' id='word_1_113' title='bbox 122 1898 125 1903; x_wconf 48' lang='grc'>’</span> <span class='ocrx_word' id='word_1_114' title='bbox 159 1907 240 1968; x_wconf 82' lang='grc' dir='ltr'><em>ὥστε</em></span> <span class='ocrx_word' id='word_1_115' title='bbox 263 1904 317 1965; x_wconf 76' lang='grc' dir='ltr'>τὸν</span> <span class='ocrx_word' id='word_1_116' title='bbox 340 1902 400 1983; x_wconf 81' lang='grc' dir='ltr'>μὲν</span> <span class='ocrx_word' id='word_1_117' title='bbox 424 1904 562 1983; x_wconf 72' lang='grc' dir='ltr'>ἐντυχεῖν</span> <span class='ocrx_word' id='word_1_118' title='bbox 586 1901 608 1962; x_wconf 86' lang='lat' dir='ltr'>I</span> <span class='ocrx_word' id='word_1_119' title='bbox 610 1902 691 1984; x_wconf 70' lang='grc' dir='ltr'><em>λείῳ,</em></span> <span class='ocrx_word' id='word_1_120' title='bbox 729 1905 746 1965; x_wconf 88' lang='grc' dir='ltr'>ὁ</span> <span class='ocrx_word' id='word_1_121' title='bbox 777 1904 811 1965; x_wconf 74' lang='grc' dir='ltr'>δὲ</span> <span class='ocrx_word' id='word_1_122' title='bbox 839 1905 1066 1984; x_wconf 77' lang='grc' dir='ltr'><em>ἐπικατάγεται.</em></span> <span class='ocrx_word' id='word_1_123' title='bbox 1093 1943 1134 1948; x_wconf 46' lang='grc' dir='ltr'>ψ-</span> <span class='ocrx_word' id='word_1_124' title='bbox 1177 1902 1339 1968; x_wconf 75' lang='lat' dir='ltr'>Similiter</span> 
     </span>
     <span class='ocr_line' id='line_1_16' title="bbox 158 2004 1338 2101; baseline -0.001 -27"><span class='ocrx_word' id='word_1_125' title='bbox 158 2011 278 2075; x_wconf 79' lang='lat' dir='ltr'>fortnas</span> <span class='ocrx_word' id='word_1_126' title='bbox 303 2006 461 2071; x_wconf 68' lang='lat' dir='ltr'>t&#39;ariavib:</span> <span class='ocrx_word' id='word_1_127' title='bbox 490 2009 531 2069; x_wconf 71' lang='lat' dir='ltr'>A.</span> <span class='ocrx_word' id='word_1_128' title='bbox 556 2007 591 2089; x_wconf 83' lang='lat' dir='ltr'>V,</span> <span class='ocrx_word' id='word_1_129' title='bbox 614 2004 670 2072; x_wconf 79' lang='lat' dir='ltr'>dt:</span> <span class='ocrx_word' id='word_1_130' title='bbox 696 2010 876 2072; x_wconf 81' lang='grc' dir='ltr'><em>Σιινέπεσεν</em></span> <span class='ocrx_word' id='word_1_131' title='bbox 900 2012 983 2072; x_wconf 83' lang='grc' dir='ltr'><em>ὥστε</em></span> <span class='ocrx_word' id='word_1_132' title='bbox 1006 2012 1060 2072; x_wconf 83' lang='grc' dir='ltr'>καί</span> <span class='ocrx_word' id='word_1_133' title='bbox 1084 2012 1338 2101; x_wconf 28' lang='grc' dir='ltr'><em>λαμβάνειιτοίνς</em></span> 
     </span>
     <span class='ocr_line' id='line_1_17' title="bbox 157 2113 1337 2199; baseline 0 -20"><span class='ocrx_word' id='word_1_134' title='bbox 157 2118 303 2199; x_wconf 71' lang='grc' dir='ltr'><em>βασιλέας</em></span> <span class='ocrx_word' id='word_1_135' title='bbox 324 2114 448 2196; x_wconf 75' lang='grc' dir='ltr'><em>Ἰησοῦς</em></span> <span class='ocrx_word' id='word_1_136' title='bbox 472 2116 505 2175; x_wconf 77' lang='grc' dir='ltr'>ἔν</span> <span class='ocrx_word' id='word_1_137' title='bbox 529 2139 585 2176; x_wconf 80' lang='grc' dir='ltr'><em>τινι</em></span> <span class='ocrx_word' id='word_1_138' title='bbox 609 2119 854 2197; x_wconf 73' lang='grc' dir='ltr'><em>κρυπτομένους</em></span> <span class='ocrx_word' id='word_1_139' title='bbox 869 2117 1019 2198; x_wconf 78' lang='grc' dir='ltr'><em>’σπηλαίῳ</em></span> <span class='ocrx_word' id='word_1_140' title='bbox 1041 2153 1080 2158; x_wconf 82' lang='lat'>—-</span> <span class='ocrx_word' id='word_1_141' title='bbox 1102 2122 1135 2178; x_wconf 80' lang='lat' dir='ltr'>et</span> <span class='ocrx_word' id='word_1_142' title='bbox 1156 2113 1337 2198; x_wconf 75' lang='lat' dir='ltr'>XI,6,13:</span> 
     </span>
     <span class='ocr_line' id='line_1_18' title="bbox 157 2220 1337 2290; baseline -0.001 -4"><span class='ocrx_word' id='word_1_143' title='bbox 157 2223 338 2286; x_wconf 83' lang='grc' dir='ltr'><em>Συνέπεσεν</em></span> <span class='ocrx_word' id='word_1_144' title='bbox 367 2220 449 2281; x_wconf 78' lang='grc' dir='ltr'><em>ὥστε</em></span> <span class='ocrx_word' id='word_1_145' title='bbox 474 2223 526 2282; x_wconf 84' lang='grc' dir='ltr'>καὶ</span> <span class='ocrx_word' id='word_1_146' title='bbox 553 2220 627 2289; x_wconf 75' lang='grc' dir='ltr'><em>τοὺς</em></span> <span class='ocrx_word' id='word_1_147' title='bbox 647 2223 680 2284; x_wconf 80' lang='grc' dir='ltr'>ἐν</span> <span class='ocrx_word' id='word_1_148' title='bbox 700 2221 840 2290; x_wconf 78' lang='grc' dir='ltr'><em>Σούσοις</em></span> <span class='ocrx_word' id='word_1_149' title='bbox 861 2221 1039 2290; x_wconf 71' lang='grc' dir='ltr'><em>Ἰουδαίους</em></span> <span class='ocrx_word' id='word_1_150' title='bbox 1064 2222 1246 2285; x_wconf 86' lang='grc' dir='ltr'><em>ἀποκτεῖναι</em></span> <span class='ocrx_word' id='word_1_151' title='bbox 1272 2230 1337 2285; x_wconf 82' lang='grc' dir='ltr'>τῶν</span> 
     </span>
     <span class='ocr_line' id='line_1_19' title="bbox 158 2323 1336 2411; baseline -0.001 -20"><span class='ocrx_word' id='word_1_152' title='bbox 158 2331 289 2411; x_wconf 74' lang='grc' dir='ltr'><em>ἐχθρῶν</em></span> <span class='ocrx_word' id='word_1_153' title='bbox 312 2327 384 2408; x_wconf 83' lang='grc' dir='ltr'><em>περί</em></span> <span class='ocrx_word' id='word_1_154' title='bbox 408 2329 646 2395; x_wconf 83' lang='grc' dir='ltr'><em>πεντακοσίους.</em></span> <span class='ocrx_word' id='word_1_155' title='bbox 693 2326 764 2389; x_wconf 82' lang='lat' dir='ltr'>Huc</span> <span class='ocrx_word' id='word_1_156' title='bbox 789 2326 873 2389; x_wconf 79' lang='lat' dir='ltr'>addc</span> <span class='ocrx_word' id='word_1_157' title='bbox 899 2326 935 2389; x_wconf 81' lang='lat' dir='ltr'>B.</span> <span class='ocrx_word' id='word_1_158' title='bbox 954 2326 987 2389; x_wconf 53' lang='lat' dir='ltr'>tl.</span> <span class='ocrx_word' id='word_1_159' title='bbox 1011 2326 1055 2408; x_wconf 86' lang='lat' dir='ltr'>H,</span> <span class='ocrx_word' id='word_1_160' title='bbox 1077 2323 1105 2407; x_wconf 77' lang='lat'>7,</span> <span class='ocrx_word' id='word_1_161' title='bbox 1128 2324 1162 2390; x_wconf 84' lang='lat' dir='ltr'>l:</span> <span class='ocrx_word' id='word_1_162' title='bbox 1187 2327 1336 2410; x_wconf 86' lang='grc' dir='ltr'><em>Προελη-</em></span> 
     </span>
     <span class='ocr_line' id='line_1_20' title="bbox 158 2434 1337 2514; baseline -0.001 -17"><span class='ocrx_word' id='word_1_163' title='bbox 158 2437 246 2498; x_wconf 67' lang='grc' dir='ltr'><em>λύθεν</em></span> <span class='ocrx_word' id='word_1_164' title='bbox 273 2436 303 2497; x_wconf 81' lang='lat' dir='ltr'>b’</span> <span class='ocrx_word' id='word_1_165' title='bbox 330 2436 373 2502; x_wconf 83' lang='grc' dir='ltr'>εἰς</span> <span class='ocrx_word' id='word_1_166' title='bbox 397 2437 550 2495; x_wconf 78' lang='grc' dir='ltr'><em>τοσοῦτον</em></span> <span class='ocrx_word' id='word_1_167' title='bbox 574 2435 710 2499; x_wconf 81' lang='grc' dir='ltr'><em>πίσιεισς</em></span> <span class='ocrx_word' id='word_1_168' title='bbox 733 2434 767 2495; x_wconf 86' lang='grc' dir='ltr'>τὸ</span> <span class='ocrx_word' id='word_1_169' title='bbox 792 2440 847 2514; x_wconf 78' lang='grc' dir='ltr'>τῆς</span> <span class='ocrx_word' id='word_1_170' title='bbox 869 2441 1003 2514; x_wconf 76' lang='grc' dir='ltr'><em>μορφῆς</em></span> <span class='ocrx_word' id='word_1_171' title='bbox 1027 2434 1142 2513; x_wconf 85' lang='grc' dir='ltr'><em>ὅμοιον</em></span> <span class='ocrx_word' id='word_1_172' title='bbox 1161 2434 1243 2497; x_wconf 76' lang='grc' dir='ltr'><em>ὥστε</em></span> <span class='ocrx_word' id='word_1_173' title='bbox 1262 2435 1337 2504; x_wconf 79' lang='grc' dir='ltr'><em>τοὺς</em></span> 
     </span>
     <span class='ocr_line' id='line_1_21' title="bbox 157 2538 1335 2621; baseline -0.001 -17"><span class='ocrx_word' id='word_1_174' title='bbox 157 2542 343 2621; x_wconf 83' lang='grc' dir='ltr'><em>ἑωρακότας</em></span> <span class='ocrx_word' id='word_1_175' title='bbox 372 2538 583 2618; x_wconf 75' lang='grc' dir='ltr'><em>Ἂλέξανὸρσν</em></span> <span class='ocrx_word' id='word_1_176' title='bbox 614 2575 653 2581; x_wconf 79' lang='lat'>-·</span> <span class='ocrx_word' id='word_1_177' title='bbox 686 2540 879 2619; x_wconf 69' lang='grc' dir='ltr'><em>ὸιόμνυσιλαι</em></span> <span class='ocrx_word' id='word_1_178' title='bbox 912 2546 1025 2601; x_wconf 77' lang='grc' dir='ltr'><em>τοῦτον</em></span> <span class='ocrx_word' id='word_1_179' title='bbox 1057 2539 1134 2601; x_wconf 82' lang='grc' dir='ltr'><em>εἶναι</em></span> <span class='ocrx_word' id='word_1_180' title='bbox 1167 2577 1206 2583; x_wconf 81' lang='lat'>-</span> <span class='ocrx_word' id='word_1_181' title='bbox 1237 2546 1271 2602; x_wconf 74' lang='lat' dir='ltr'>et</span> <span class='ocrx_word' id='word_1_182' title='bbox 1295 2542 1335 2604; x_wconf 81' lang='grc' dir='ltr'>Α.</span> 
     </span>
     <span class='ocr_line' id='line_1_22' title="bbox 158 2642 1336 2727; baseline -0.001 -18"><span class='ocrx_word' id='word_1_183' title='bbox 158 2646 256 2727; x_wconf 82' lang='lat' dir='ltr'>VIII,</span> <span class='ocrx_word' id='word_1_184' title='bbox 282 2642 361 2709; x_wconf 80' lang='lat'>318:</span> <span class='ocrx_word' id='word_1_185' title='bbox 397 2645 455 2713; x_wconf 79' lang='grc' dir='ltr'>Εἷς</span> <span class='ocrx_word' id='word_1_186' title='bbox 484 2645 641 2724; x_wconf 77' lang='grc' dir='ltr'><em>τοσαύτην</em></span> <span class='ocrx_word' id='word_1_187' title='bbox 672 2645 703 2703; x_wconf 71' lang='grc' dir='ltr'>δ’</span> <span class='ocrx_word' id='word_1_188' title='bbox 735 2645 897 2725; x_wconf 77' lang='grc' dir='ltr'><em>ἀσέλγειαν</em></span> <span class='ocrx_word' id='word_1_189' title='bbox 925 2647 979 2706; x_wconf 81' lang='grc' dir='ltr'>καὶ</span> <span class='ocrx_word' id='word_1_190' title='bbox 1007 2647 1124 2725; x_wconf 89' lang='grc' dir='ltr'><em>μανίαν</em></span> <span class='ocrx_word' id='word_1_191' title='bbox 1154 2648 1336 2726; x_wconf 75' lang='grc' dir='ltr'><em>προῦπεσον</em></span> 
     </span>
     <span class='ocr_line' id='line_1_23' title="bbox 157 2743 1336 2832; baseline -0.003 -16"><span class='ocrx_word' id='word_1_192' title='bbox 157 2755 239 2829; x_wconf 77' lang='grc' dir='ltr'><em>ὥστε</em></span> <span class='ocrx_word' id='word_1_193' title='bbox 262 2755 315 2816; x_wconf 82' lang='grc' dir='ltr'>καὶ</span> <span class='ocrx_word' id='word_1_194' title='bbox 339 2753 393 2815; x_wconf 79' lang='grc' dir='ltr'>τὸν</span> <span class='ocrx_word' id='word_1_195' title='bbox 418 2752 495 2814; x_wconf 87' lang='grc' dir='ltr'><em>ναὸν</em></span> <span class='ocrx_word' id='word_1_196' title='bbox 520 2758 566 2829; x_wconf 70' lang='lat' dir='ltr'>uqi</span> <span class='ocrx_word' id='word_1_197' title='bbox 593 2749 719 2829; x_wconf 79' lang='grc' dir='ltr'><em>Τυρίων</em></span> <span class='ocrx_word' id='word_1_198' title='bbox 745 2743 812 2830; x_wconf 76' lang='grc' dir='ltr'>θεῷ</span> <span class='ocrx_word' id='word_1_199' title='bbox 835 2751 1040 2832; x_wconf 80' lang='grc' dir='ltr'><em>ᾠκοδόμησε.</em></span> <span class='ocrx_word' id='word_1_200' title='bbox 1067 2789 1106 2794; x_wconf 90' lang='lat'><em>-</em></span> <span class='ocrx_word' id='word_1_201' title='bbox 1134 2751 1227 2814; x_wconf 74' lang='lat' dir='ltr'>Intra</span> <span class='ocrx_word' id='word_1_202' title='bbox 1252 2750 1336 2813; x_wconf 75' lang='lat' dir='ltr'>anti-</span> 
     </span>
     <span class='ocr_line' id='line_1_24' title="bbox 157 2854 1335 2936; baseline -0.001 -15"><span class='ocrx_word' id='word_1_203' title='bbox 157 2857 317 2936; x_wconf 89' lang='lat' dir='ltr'>quitatum</span> <span class='ocrx_word' id='word_1_204' title='bbox 348 2857 449 2920; x_wconf 91' lang='lat' dir='ltr'>libros</span> <span class='ocrx_word' id='word_1_205' title='bbox 479 2858 561 2918; x_wconf 78' lang='grc' dir='ltr'><em>ὥσιε</em></span> <span class='ocrx_word' id='word_1_206' title='bbox 591 2873 661 2918; x_wconf 90' lang='lat' dir='ltr'>omn</span> <span class='ocrx_word' id='word_1_207' title='bbox 692 2854 854 2919; x_wconf 80' lang='lat' dir='ltr'>infinitivo</span> <span class='ocrx_word' id='word_1_208' title='bbox 880 2854 1085 2918; x_wconf 90' lang='lat' dir='ltr'>coniunctum</span> <span class='ocrx_word' id='word_1_209' title='bbox 1110 2855 1234 2920; x_wconf 87' lang='lat' dir='ltr'>centies</span> <span class='ocrx_word' id='word_1_210' title='bbox 1259 2876 1335 2934; x_wconf 90' lang='lat' dir='ltr'>qua-</span> 
     </span>
     <span class='ocr_line' id='line_1_25' title="bbox 156 2960 1336 3044; baseline -0.003 -16"><span class='ocrx_word' id='word_1_211' title='bbox 156 2964 287 3044; x_wconf 78' lang='lat' dir='ltr'>dragies</span> <span class='ocrx_word' id='word_1_212' title='bbox 311 2963 377 3043; x_wconf 91' lang='lat' dir='ltr'>bis,</span> <span class='ocrx_word' id='word_1_213' title='bbox 402 2967 559 3040; x_wconf 85' lang='lat' dir='ltr'>sequente</span> <span class='ocrx_word' id='word_1_214' title='bbox 583 2960 763 3026; x_wconf 77' lang='lat' dir='ltr'>indicativo</span> <span class='ocrx_word' id='word_1_215' title='bbox 788 2960 984 3041; x_wconf 71' lang='lat' dir='ltr'>quadragies</span> <span class='ocrx_word' id='word_1_216' title='bbox 1008 2962 1166 3044; x_wconf 76' lang='lat' dir='ltr'>sternuit,</span> <span class='ocrx_word' id='word_1_217' title='bbox 1197 2962 1231 3025; x_wconf 90' lang='lat' dir='ltr'>in</span> <span class='ocrx_word' id='word_1_218' title='bbox 1255 2963 1336 3026; x_wconf 89' lang='lat' dir='ltr'>belli</span> 
     </span>
     <span class='ocr_line' id='line_1_26' title="bbox 156 3066 1335 3149; baseline -0.002 -15"><span class='ocrx_word' id='word_1_219' title='bbox 156 3068 289 3134; x_wconf 85' lang='lat' dir='ltr'>Judaici</span> <span class='ocrx_word' id='word_1_220' title='bbox 317 3069 411 3132; x_wconf 91' lang='lat' dir='ltr'>libris</span> <span class='ocrx_word' id='word_1_221' title='bbox 440 3067 656 3132; x_wconf 85' lang='lat' dir='ltr'>indicativum</span> <span class='ocrx_word' id='word_1_222' title='bbox 687 3066 931 3149; x_wconf 78' lang='lat' dir='ltr'>quaterdecies,</span> <span class='ocrx_word' id='word_1_223' title='bbox 962 3066 1159 3132; x_wconf 83' lang='lat' dir='ltr'>intinitivum</span> <span class='ocrx_word' id='word_1_224' title='bbox 1183 3067 1335 3148; x_wconf 80' lang='lat' dir='ltr'>sexagies</span> 
     </span>
     <span class='ocr_line' id='line_1_27' title="bbox 157 3170 1339 3271; baseline -0.003 -31"><span class='ocrx_word' id='word_1_225' title='bbox 157 3175 327 3254; x_wconf 87' lang='lat' dir='ltr'>quinquies</span> <span class='ocrx_word' id='word_1_226' title='bbox 351 3173 472 3238; x_wconf 88' lang='lat' dir='ltr'>inveni.</span> <span class='ocrx_word' id='word_1_227' title='bbox 520 3173 566 3237; x_wconf 86' lang='lat' dir='ltr'>Ut</span> <span class='ocrx_word' id='word_1_228' title='bbox 594 3170 793 3237; x_wconf 75' lang='lat' dir='ltr'>indicativus</span> <span class='ocrx_word' id='word_1_229' title='bbox 822 3172 870 3235; x_wconf 89' lang='lat' dir='ltr'>ita</span> <span class='ocrx_word' id='word_1_230' title='bbox 899 3171 1067 3252; x_wconf 77' lang='lat' dir='ltr'>optatitus</span> <span class='ocrx_word' id='word_1_231' title='bbox 1098 3193 1168 3237; x_wconf 90' lang='lat' dir='ltr'>cum</span> <span class='ocrx_word' id='word_1_232' title='bbox 1198 3178 1238 3237; x_wconf 82' lang='grc' dir='ltr'>ἄν</span> <span class='ocrx_word' id='word_1_233' title='bbox 1262 3193 1339 3271; x_wconf 45' lang='lat' dir='ltr'>oon·</span> 
     </span>
     <span class='ocr_line' id='line_1_28' title="bbox 156 3278 1335 3363; baseline -0.003 -18"><span class='ocrx_word' id='word_1_234' title='bbox 156 3281 300 3363; x_wconf 88' lang='lat' dir='ltr'>iunctus,</span> <span class='ocrx_word' id='word_1_235' title='bbox 338 3299 432 3358; x_wconf 87' lang='lat' dir='ltr'>quem</span> <span class='ocrx_word' id='word_1_236' title='bbox 461 3280 589 3343; x_wconf 77' lang='lat' dir='ltr'>niodum</span> <span class='ocrx_word' id='word_1_237' title='bbox 618 3278 833 3358; x_wconf 84' lang='lat' dir='ltr'>potentialem</span> <span class='ocrx_word' id='word_1_238' title='bbox 859 3279 957 3358; x_wconf 75' lang='lat' dir='ltr'>vulgo</span> <span class='ocrx_word' id='word_1_239' title='bbox 983 3287 1118 3361; x_wconf 88' lang='lat' dir='ltr'>vocant,</span> <span class='ocrx_word' id='word_1_240' title='bbox 1155 3286 1229 3359; x_wconf 88' lang='lat' dir='ltr'>post</span> <span class='ocrx_word' id='word_1_241' title='bbox 1253 3283 1335 3343; x_wconf 73' lang='grc' dir='ltr'><em>ὥστε</em></span> 
     </span>
     <span class='ocr_line' id='line_1_29' title="bbox 157 3382 1341 3467; baseline -0.002 -16"><span class='ocrx_word' id='word_1_242' title='bbox 157 3388 242 3467; x_wconf 86' lang='lat' dir='ltr'>apud</span> <span class='ocrx_word' id='word_1_243' title='bbox 268 3384 419 3449; x_wconf 77' lang='lat' dir='ltr'>Flauium</span> <span class='ocrx_word' id='word_1_244' title='bbox 444 3383 640 3448; x_wconf 88' lang='lat' dir='ltr'>admittitur.</span> <span class='ocrx_word' id='word_1_245' title='bbox 688 3382 780 3464; x_wconf 73' lang='lat' dir='ltr'>Quod</span> <span class='ocrx_word' id='word_1_246' title='bbox 805 3383 898 3447; x_wconf 80' lang='lat' dir='ltr'>rides</span> <span class='ocrx_word' id='word_1_247' title='bbox 922 3384 962 3447; x_wconf 76' lang='lat' dir='ltr'>A.</span> <span class='ocrx_word' id='word_1_248' title='bbox 989 3384 1083 3466; x_wconf 75' lang='lat' dir='ltr'>llll,</span> <span class='ocrx_word' id='word_1_249' title='bbox 1109 3383 1165 3449; x_wconf 80' lang='lat'>55:</span> <span class='ocrx_word' id='word_1_250' title='bbox 1194 3388 1284 3455; x_wconf 81' lang='grc' dir='ltr'><em>ὥστ’,</em></span> <span class='ocrx_word' id='word_1_251' title='bbox 1309 3390 1341 3448; x_wconf 74' lang='grc' dir='ltr'>εἴ</span> 
     </span>
     <span class='ocr_line' id='line_1_30' title="bbox 156 3472 1334 3576; baseline -0.002 -20"><span class='ocrx_word' id='word_1_252' title='bbox 156 3472 208 3564; x_wconf 77' lang='grc' dir='ltr'>τις</span> <span class='ocrx_word' id='word_1_253' title='bbox 234 3494 375 3576; x_wconf 69' lang='grc' dir='ltr'><em>θελήσειε</em></span> <span class='ocrx_word' id='word_1_254' title='bbox 407 3493 555 3572; x_wconf 71' lang='grc' dir='ltr'><em>τάκριβές</em></span> <span class='ocrx_word' id='word_1_255' title='bbox 586 3492 719 3570; x_wconf 69' lang='grc' dir='ltr'><em>μαθεῖν,</em></span> <span class='ocrx_word' id='word_1_256' title='bbox 746 3527 784 3531; x_wconf 85' lang='grc'>-</span> <span class='ocrx_word' id='word_1_257' title='bbox 811 3491 899 3570; x_wconf 78' lang='grc' dir='ltr'><em>εὕροι</em></span> <span class='ocrx_word' id='word_1_258' title='bbox 928 3493 967 3552; x_wconf 85' lang='grc' dir='ltr'><em>ι’ίν</em></span> <span class='ocrx_word' id='word_1_259' title='bbox 997 3500 1237 3572; x_wconf 77' lang='grc' dir='ltr'><em>συμφωνοῦντα</em></span> <span class='ocrx_word' id='word_1_260' title='bbox 1269 3499 1334 3562; x_wconf 82' lang='grc' dir='ltr'><em>τοῖς</em></span> 
     </span>
     <span class='ocr_line' id='line_1_31' title="bbox 156 3597 871 3683; baseline -0.006 -22"><span class='ocrx_word' id='word_1_261' title='bbox 156 3602 335 3683; x_wconf 80' lang='grc' dir='ltr'><em>εἰρημένοις</em></span> <span class='ocrx_word' id='word_1_262' title='bbox 361 3600 417 3679; x_wconf 75' lang='grc' dir='ltr'>ὑφ’</span> <span class='ocrx_word' id='word_1_263' title='bbox 445 3599 539 3679; x_wconf 79' lang='grc' dir='ltr'><em>ἡμῶν</em></span> <span class='ocrx_word' id='word_1_264' title='bbox 563 3597 600 3658; x_wconf 76' lang='grc' dir='ltr'>τὰ</span> <span class='ocrx_word' id='word_1_265' title='bbox 624 3597 703 3676; x_wconf 84' lang='grc' dir='ltr'><em>παρ’</em></span> <span class='ocrx_word' id='word_1_266' title='bbox 731 3597 871 3664; x_wconf 71' lang='grc' dir='ltr'><em>ἐκείνοις.</em></span> 
     </span>
    </p>

    <p class='ocr_par' dir='ltr' id='par_1_3' title="bbox 152 3700 1334 4315">
     <span class='ocr_line' id='line_1_32' title="bbox 240 3700 1334 3783; baseline -0.003 -14"><span class='ocrx_word' id='word_1_267' title='bbox 240 3706 294 3776; x_wconf 84' lang='grc' dir='ltr'>Ὡς</span> <span class='ocrx_word' id='word_1_268' title='bbox 318 3702 576 3783; x_wconf 84' lang='lat' dir='ltr'>consecutimmr,</span> <span class='ocrx_word' id='word_1_269' title='bbox 611 3701 695 3779; x_wconf 93' lang='lat' dir='ltr'>quod</span> <span class='ocrx_word' id='word_1_270' title='bbox 724 3700 788 3764; x_wconf 82' lang='lat' dir='ltr'>ianr</span> <span class='ocrx_word' id='word_1_271' title='bbox 818 3700 981 3765; x_wconf 89' lang='lat' dir='ltr'>interdum</span> <span class='ocrx_word' id='word_1_272' title='bbox 1005 3701 1127 3783; x_wconf 72' lang='lat' dir='ltr'>Attici,</span> <span class='ocrx_word' id='word_1_273' title='bbox 1159 3702 1334 3782; x_wconf 84' lang='lat' dir='ltr'>praecipue</span> 
     </span>
     <span class='ocr_line' id='line_1_33' title="bbox 155 3806 1332 3891; baseline -0.003 -17"><span class='ocrx_word' id='word_1_274' title='bbox 155 3811 338 3890; x_wconf 77' lang='lat' dir='ltr'>Xenophon</span> <span class='ocrx_word' id='word_1_275' title='bbox 361 3811 501 3891; x_wconf 91' lang='lat' dir='ltr'>habent,</span> <span class='ocrx_word' id='word_1_276' title='bbox 526 3807 559 3870; x_wconf 93' lang='lat' dir='ltr'>in</span> <span class='ocrx_word' id='word_1_277' title='bbox 584 3806 838 3886; x_wconf 86' lang='lat' dir='ltr'>antiquitatibus</span> <span class='ocrx_word' id='word_1_278' title='bbox 864 3807 987 3872; x_wconf 87' lang='lat' dir='ltr'>centies</span> <span class='ocrx_word' id='word_1_279' title='bbox 1012 3807 1232 3871; x_wconf 85' lang='lat' dir='ltr'>duodetricies</span> <span class='ocrx_word' id='word_1_280' title='bbox 1256 3809 1332 3891; x_wconf 74' lang='lat' dir='ltr'>legi,</span> 
     </span>
     <span class='ocr_line' id='line_1_34' title="bbox 154 3912 1334 3997; baseline -0.003 -17"><span class='ocrx_word' id='word_1_281' title='bbox 154 3916 301 3997; x_wconf 75' lang='lat' dir='ltr'>octogies</span> <span class='ocrx_word' id='word_1_282' title='bbox 339 3915 425 3978; x_wconf 88' lang='lat' dir='ltr'>intra</span> <span class='ocrx_word' id='word_1_283' title='bbox 463 3912 543 3978; x_wconf 89' lang='lat' dir='ltr'>belli</span> <span class='ocrx_word' id='word_1_284' title='bbox 576 3913 687 3977; x_wconf 90' lang='lat' dir='ltr'>libros.</span> <span class='ocrx_word' id='word_1_285' title='bbox 734 3913 945 3977; x_wconf 78' lang='lat' dir='ltr'>llissentiunt</span> <span class='ocrx_word' id='word_1_286' title='bbox 982 3919 1090 3976; x_wconf 88' lang='lat' dir='ltr'>autem</span> <span class='ocrx_word' id='word_1_287' title='bbox 1126 3912 1264 3977; x_wconf 78' lang='lat' dir='ltr'>Flavius</span> <span class='ocrx_word' id='word_1_288' title='bbox 1300 3921 1334 3977; x_wconf 91' lang='lat' dir='ltr'>et</span> 
     </span>
     <span class='ocr_line' id='line_1_35' title="bbox 155 4017 1332 4101; baseline -0.003 -16"><span class='ocrx_word' id='word_1_289' title='bbox 155 4021 322 4101; x_wconf 70' lang='lat' dir='ltr'>Polybius</span> <span class='ocrx_word' id='word_1_290' title='bbox 348 4022 432 4099; x_wconf 91' lang='lat' dir='ltr'>quod</span> <span class='ocrx_word' id='word_1_291' title='bbox 451 4020 536 4097; x_wconf 84' lang='lat' dir='ltr'>huic,</span> <span class='ocrx_word' id='word_1_292' title='bbox 564 4026 600 4082; x_wconf 90' lang='lat' dir='ltr'>ut</span> <span class='ocrx_word' id='word_1_293' title='bbox 623 4019 714 4083; x_wconf 82' lang='lat' dir='ltr'>Stich</span> <span class='ocrx_word' id='word_1_294' title='bbox 735 4020 755 4083; x_wconf 96' lang='lat' dir='ltr'>l.</span> <span class='ocrx_word' id='word_1_295' title='bbox 775 4039 800 4083; x_wconf 90' lang='lat' dir='ltr'>c.</span> <span class='ocrx_word' id='word_1_296' title='bbox 822 4040 851 4100; x_wconf 92' lang='lat' dir='ltr'>p.</span> <span class='ocrx_word' id='word_1_297' title='bbox 869 4017 932 4085; x_wconf 81' lang='lat'>205</span> <span class='ocrx_word' id='word_1_298' title='bbox 953 4017 1073 4099; x_wconf 90' lang='lat' dir='ltr'>docuit,</span> <span class='ocrx_word' id='word_1_299' title='bbox 1093 4018 1293 4083; x_wconf 88' lang='lat' dir='ltr'>indicativus</span> <span class='ocrx_word' id='word_1_300' title='bbox 1303 4019 1332 4100; x_wconf 79' lang='grc'>*)</span> 
     </span>
     <span class='ocr_line' id='line_1_36' title="bbox 153 4123 1333 4209; baseline -0.003 -17"><span class='ocrx_word' id='word_1_301' title='bbox 153 4128 308 4192; x_wconf 86' lang='lat' dir='ltr'>usitatior</span> <span class='ocrx_word' id='word_1_302' title='bbox 332 4135 392 4209; x_wconf 86' lang='lat' dir='ltr'>est,</span> <span class='ocrx_word' id='word_1_303' title='bbox 417 4126 477 4208; x_wconf 91' lang='lat' dir='ltr'>illi,</span> <span class='ocrx_word' id='word_1_304' title='bbox 503 4126 531 4188; x_wconf 87' lang='lat' dir='ltr'>si</span> <span class='ocrx_word' id='word_1_305' title='bbox 556 4144 735 4204; x_wconf 87' lang='lat' dir='ltr'>perpaucos</span> <span class='ocrx_word' id='word_1_306' title='bbox 759 4126 848 4189; x_wconf 88' lang='lat' dir='ltr'>locos</span> <span class='ocrx_word' id='word_1_307' title='bbox 873 4124 1029 4206; x_wconf 84' lang='lat' dir='ltr'>excipias,</span> <span class='ocrx_word' id='word_1_308' title='bbox 1057 4123 1239 4188; x_wconf 85' lang='lat' dir='ltr'>infinitivus</span> <span class='ocrx_word' id='word_1_309' title='bbox 1264 4125 1333 4188; x_wconf 86' lang='lat' dir='ltr'>fere</span> 
     </span>
     <span class='ocr_line' id='line_1_37' title="bbox 152 4216 1334 4315; baseline -0.002 -20"><span class='ocrx_word' id='word_1_310' title='bbox 152 4234 242 4315; x_wconf 77' lang='lat' dir='ltr'>,solus</span> <span class='ocrx_word' id='word_1_311' title='bbox 267 4234 401 4314; x_wconf 85' lang='lat' dir='ltr'>placuit.</span> <span class='ocrx_word' id='word_1_312' title='bbox 446 4234 482 4295; x_wconf 92' lang='lat' dir='ltr'>ln</span> <span class='ocrx_word' id='word_1_313' title='bbox 507 4233 590 4294; x_wconf 78' lang='lat' dir='ltr'>lianc</span> <span class='ocrx_word' id='word_1_314' title='bbox 617 4231 883 4297; x_wconf 86' lang='lat' dir='ltr'>consuetudinem</span> <span class='ocrx_word' id='word_1_315' title='bbox 909 4231 1102 4297; x_wconf 75' lang='lat' dir='ltr'>Flauianum</span> <span class='ocrx_word' id='word_1_316' title='bbox 1125 4216 1188 4294; x_wconf 85' lang='lat' dir='ltr'>non</span> <span class='ocrx_word' id='word_1_317' title='bbox 1213 4231 1334 4295; x_wconf 88' lang='lat' dir='ltr'>cadunt</span> 
     </span>
    </p>
   </div>
   <div class='ocr_carea' id='block_1_3' title="bbox 224 4445 635 4517">
    <p class='ocr_par' dir='ltr' id='par_1_4' title="bbox 224 4445 635 4517">
     <span class='ocr_line' id='line_1_38' title="bbox 224 4445 635 4517; baseline 0.027 -22"><span class='ocrx_word' id='word_1_318' title='bbox 224 4449 250 4517; x_wconf 65' lang='lat' dir='ltr'>*J</span> <span class='ocrx_word' id='word_1_319' title='bbox 271 4454 338 4516; x_wconf 86' lang='lat' dir='ltr'>post</span> <span class='ocrx_word' id='word_1_320' title='bbox 357 4445 571 4501; x_wconf 85' lang='lat' dir='ltr'>consecutivum</span> <span class='ocrx_word' id='word_1_321' title='bbox 591 4446 635 4505; x_wconf 74' lang='grc' dir='ltr'>ὡς.</span> 
     </span>
    </p>
   </div>
   <div class='ocr_carea' id='block_1_4' title="bbox 0 0 1624 5170">
    <p class='ocr_par' dir='ltr' id='par_1_5' title="bbox 0 0 1624 5170">
     <span class='ocr_line' id='line_1_39' title="bbox 0 0 1624 5170; baseline 0 2"><span class='ocrx_word' id='word_1_322' title='bbox 0 0 1624 5170; x_wconf 95' lang='lat' dir='ltr'> </span> 
     </span>
    </p>
   </div>
  </div>
 </body>
</html>
