3240 5170
679 336 896 432 ..27-

195 557 280 636 quod
308 577 367 639 per
395 560 441 621 ὅτι
469 561 526 621 aut
554 560 583 621 εἰ
607 560 665 621 aut
693 555 882 637 pronomine
911 556 1151 639 interrogativo
1174 556 1378 622 instituatur.

197 662 317 728 Confer
341 663 381 727 A.
407 663 434 746 I,
460 660 537 728 198:
557 663 742 747 Ἐμήνυσαν
766 663 900 734 ἑαυτοὺς
922 664 1017 734 ὄντας
1040 664 1194 746 ἀγγέλους
1216 670 1273 727 τοῦ
1297 664 1378 727 θεοῦ

196 772 250 834 καὶ
274 771 320 833 ὅτι
343 770 510 853 πεμφθείη
534 769 594 852 μὲν
617 770 636 833 ὁ
659 769 703 840 είς
723 768 787 843 (Sic
807 768 920 852 Niese)
940 771 1004 835 κτλ.
1026 808 1067 816 -
1092 768 1137 851 H,
1163 765 1240 832 111:
1260 769 1378 851 Ἀπήγ-

197 876 306 959 γελλον
328 885 376 957 τῴ
398 877 493 958 πατρὶ
515 875 553 938 τὰ
577 875 658 938 κατὰ
677 875 735 957 τὴν
752 876 917 957 Αἴγυπτον
941 878 1144 959 συμπεσόντα
1168 877 1222 939 καὶ
1249 875 1296 937 δ’τι
1319 898 1378 938 κα-

196 984 354 1046 τάσκοποι
379 983 505 1055 δόξειαν
529 982 676 1065 ἀφῖχθαι.
702 1019 742 1026 -
776 981 834 1065 VI,
859 979 915 1046 35:
942 982 1006 1054 Τάς
1028 1007 1060 1046 τε
1082 989 1147 1046 τῶν
1170 984 1251 1045 υἱῶν
1273 1005 1379 1063 παρα-

197 1089 312 1170 νομίας
348 1089 456 1170 ἔλεγον
493 1089 548 1151 καὶ
584 1088 631 1150 ὅτι
668 1088 801 1171 γηραιὸς
835 1087 931 1160 αὐτὸς
967 1091 1016 1153 ὢν
1051 1090 1157 1152 οὐκέτι
1194 1088 1247 1151 τὸνΙ
1282 1087 1379 1149 αὐτὸν

197 1196 390 1275 προεστάναι
415 1195 546 1257 δύναται
569 1194 698 1277 τρόπον.
723 1230 764 1238 -
790 1193 866 1275 VII,
884 1190 940 1258 41:
961 1195 1127 1279 Ἐφείπετο
1153 1231 1193 1239 -—
1218 1192 1378 1256 ένδεικνύ-
1443 1246 1447 1253 ,

197 1324 295 1382 μενος
329 1300 386 1382 τὴν
421 1301 472 1363 ἐπὶ
506 1301 674 1383 τεθνηκότι
704 1301 809 1384 λύπην
839 1301 895 1363 καὶ
927 1301 972 1363 ὅτι
1003 1302 1048 1383 μὴ
1081 1301 1163 1364 κατὰ
1194 1301 1251 1383 τὴν
1279 1300 1378 1361 αὐτοῦ

199 1407 333 1488 γνώμην
356 1407 520 1489 ἀνῄρηται.
542 1443 582 1450 -
625 1403 686 1488 ΙΧ,
712 1401 1082 1492 1001101τἘσήμαινεν
1102 1443 1142 1452 -
1160 1406 1299 1489 ὄλεθρον
1322 1411 1379 1467 τοῦ

199 1511 278 1574 λαοῦ
307 1512 363 1575 καί
391 1513 526 1594 φθορὰν
552 1550 591 1556 -
618 1512 672 1575 καί
700 1512 747 1574 ὅτι
774 1512 966 1593 τεθνήξεται.
992 1549 1031 1557 -
1072 1511 1119 1594 X,
1145 1508 1201 1576 20:
1236 1511 1379 1594 Μνημο-

200 1617 281 1680 νεύει
307 1624 363 1681 τοῦ
392 1619 549 1700 βασιλέως
574 1654 614 1662 -
639 1618 694 1680 καὶ
721 1617 767 1679 ὅτι
796 1622 862 1680 τῶν
881 1617 1060 1699 Ἀσσυρίων
1083 1617 1171 1701 ἦρχε.
1219 1615 1298 1682 ibid.
1323 1612 1379 1678 25:

202 1721 231 1785 Τ
226 1730 247 1805 ᾔ
281 1723 370 1804 νόσῳ
409 1724 617 1806 προσετίθετο
652 1723 706 1786 καὶ
744 1723 870 1805 ἀθυμία
905 1724 991 1806 δεινὴ
1031 1724 1096 1787 ὑπὸ
1131 1731 1187 1787 τοῦ
1223 1722 1381 1807 βασιλέως
1467 1800 1473 1807 ‚

200 1830 298 1891 αὐτοῦ
327 1828 385 1910 τὴν
417 1829 569 1892 ἀπαιδίαν
600 1828 810 1910 λογιζομένου
843 1829 898 1893 καὶ
931 1830 976 1892 ὅτι
1007 1830 1116 1913 μέλλοι
1147 1831 1291 1894 τελευτᾶν
1314 1829 1379 1891 κτλ.

201 1931 362 1998 Similiter
396 1937 523 1998 structa
558 1938 635 1998 sunt
670 1933 710 1996 A.
740 1932 807 2016 ΙΙΙ,
838 1929 902 1997 190
927 1973 967 1979 -
992 1934 1060 2018 ΙΙΙ,
1089 1932 1155 1999 302
1180 1973 1220 1980 -
1246 1934 1316 2016 VI,
1337 1930 1381 1997 40

203 2077 242 2084 -
268 2040 363 2124 Vlll,
384 2037 449 2104 260
474 2077 514 2119 -,
535 2039 597 2122 ΙΧ,
616 2036 660 2103 88
681 2076 721 2083 -—
742 2037 803 2122 XI,
823 2036 854 2121 5,
875 2035 904 2101 7.
951 2039 1016 2104 Pro
1041 2043 1096 2105 καὶ
1119 2044 1165 2106 ὅτι
1189 2038 1380 2120 compositio

201 2146 248 2210 ὅτι
281 2172 313 2211 τε
346 2144 560 2227 praecedenti
595 2144 765 2210 enuntiato
801 2143 932 2209 adiecta
955 2145 1132 2212 invenitur.
1180 2146 1220 2210 A.
1241 2144 1281 2229 V,
1303 2141 1380 2209 171:

200 2251 294 2335 Πρὸς
319 2253 354 2316 δὲ
377 2252 452 2322 τοὺς
475 2255 616 2335 πατέρας
638 2254 746 2315 αὐτῶν
769 2252 1036 2335 δυσχεραίνοντας
1054 2254 1109 2316 καί
1126 2254 1284 2335 τιμωρίαν
1302 2252 1380 2333 λαμ-

183 2417 187 2421 ,
200 2359 309 2439 βάνειν
332 2359 501 2431 ἀξιοῦντας
524 2361 673 2441 φήσομεν
696 2357 815 2427 αὐτοὺς
842 2360 961 2428 αἰτίους
984 2358 1134 2442 φυλακῆς
1161 2359 1382 2440 ἀμελήσαντας

201 2469 266 2526 τῶν
295 2465 487 2546 θυγατέρων
519 2464 566 2527 ὅτι
597 2489 629 2527 τε
661 2465 711 2533 δεῖ
739 2471 795 2548 τῆς
827 2466 927 2547 ὀργῆς
954 2465 1005 2527 ἐπὶ
1028 2465 1219 2546 Βενιαμίτας
1246 2465 1381 2547 ὑφεῖναι.

202 2569 241 2632 Β.
266 2569 299 2633 J.
325 2569 352 2652 l,
377 2567 408 2652 3,
433 2567 467 2633 2:
510 2569 551 2634 Oi
583 2570 724 2653 πονηροὶ
757 2579 805 2652 τῷ
839 2569 962 2651 βασιλεῖ
993 2573 1049 2652 τήν
1083 2596 1114 2634 τε
1148 2571 1284 2654 πομπὴν
1318 2576 1384 2634 τῶν

202 2677 341 2739 ὁπλιτῶν
375 2676 513 2759 ἐδήλουν
544 2676 598 2739 καὶ
630 2676 666 2739 τδ
698 2678 895 2758 παράστημα
927 2683 984 2738 τοῦ
1008 2676 1189 2757 Ἀντιγόνου
1220 2679 1331 2758 μεῖζον
1363 2680 1382 2759 ἢ

202 2784 273 2845 κατ’
300 2783 431 2864 ἰδιώτην
455 2782 502 2845 ὅτι
524 2807 557 2845 τε
579 2783 694 2865 παρείη
718 2782 797 2864 μετὰ
821 2784 971 2864 μεγίστου
996 2783 1225 2864 συντάγματος.

291 2886 526 2953 Coniunctione
550 2889 610 2960 ὡς,
638 2891 675 2952 ut
701 2887 744 2951 ad
767 2906 840 2951 eam
862 2892 1043 2971 transeam,
1074 2886 1188 2952 finalia
1212 2886 1384 2953 enuntiata

202 2992 273 3058 sive
303 2993 510 3058 coniunctivo
540 2993 611 3059 sive
639 2992 788 3074 optativo
817 2996 975 3073 sequente
1003 2993 1199 3059 creberrime
1223 2994 1385 3059 Homerus

203 3099 340 3182 (Weber
363 3099 385 3165 l.
411 3118 437 3163 o.
463 3098 489 3181 Ι,
514 3119 545 3180 p.
566 3096 622 3183 28)
646 3099 787 3182 induxit,
811 3098 918 3163 rarius
942 3098 1106 3164 Hesiodus
1131 3101 1197 3182 (W.
1218 3101 1244 3185 Ι,
1265 3121 1296 3182 p.
1317 3097 1383 3183 64).

202 3203 360 3268 Eiusdem
392 3204 576 3286 particulae
608 3222 686 3270 usus
714 3203 815 3268 latius
842 3208 938 3284 patet
972 3205 1058 3286 apud
1091 3207 1236 3288 tragicos
1268 3211 1384 3288 poetas

204 3309 262 3385 (cf.
283 3309 336 3374 W.
362 3309 389 3392 l,
413 3330 445 3390 p.
465 3306 518 3392 81,
545 3307 585 3374 93
611 3329 692 3394 sqq,
718 3308 793 3394 101,
819 3307 894 3394 103,
920 3308 1008 3395 104),
1032 3331 1137 3392 paene
1161 3312 1310 3377 sublatus
1335 3318 1386 3377 est

203 3434 244 3480 ex
267 3414 503 3496 Aristophanis
527 3415 648 3480 fabulis
674 3417 740 3499 (W.
757 3418 784 3501 I,
800 3437 830 3498 p.
845 3413 919 3500 118,
935 3413 1023 3500 127).
1070 3417 1162 3482 idem
1185 3417 1252 3482 dici
1275 3421 1386 3498 potest

203 3521 244 3586 de
276 3520 488 3602 Thucydideo
523 3540 611 3586 more
646 3523 709 3587 huc
743 3522 933 3602 pertinente
968 3522 1023 3604 (cf.
1049 3522 1101 3587 W.
1126 3523 1175 3607 Π,
1200 3543 1231 3604 p.
1257 3521 1291 3606 9,
1318 3520 1384 3605 10).

204 3626 365 3692 Similiter
388 3632 554 3692 oratorum
577 3626 748 3708 Antiphon
773 3627 907 3709 duobus,
922 3626 1134 3712 Andohides,
1159 3628 1290 3713 Lysias,
1314 3629 1385 3710 phi-

203 3732 412 3814 losophorum
449 3733 547 3798 Plato
585 3733 640 3816 (cf.
665 3733 718 3797 W.
748 3732 798 3816 ll,
834 3753 866 3814 p.
892 3731 948 3817 16,
980 3731 1036 3817 17,
1066 3730 1122 3817 21,
1152 3732 1209 3818 55)
1245 3733 1384 3815 singulis

203 3838 364 3919 exemplis
386 3839 519 3904 finalem
546 3838 730 3919 particulae
758 3841 805 3909 ὡς
830 3838 1107 3920 significationem
1134 3840 1202 3906 suis
1231 3839 1384 3920 tempori·

202 3946 263 4009 hus
286 3944 465 4027 insolitam,
490 3944 555 4008 etsi
573 3946 661 4010 haud
679 3943 883 4025 incognitam
901 3944 1003 4011 fuisse
1022 3946 1246 4011 ostenderunt.
1290 3944 1385 4009 Solus

201 4050 392 4126 Atticorum
415 4050 602 4131 Xenophon
632 4050 667 4114 in
699 4049 759 4114 illa
791 4050 1019 4117 coniunctione
1049 4051 1141 4116 finali
1174 4053 1289 4116 creber
1321 4050 1385 4115 fuit

204 4156 262 4235 (cf.
288 4158 341 4222 W.
366 4156 411 4240 Π,
436 4176 467 4237 p.
488 4153 555 4238 75).
576 4194 616 4201 -
642 4155 781 4221 Flavius
804 4156 839 4220 in
862 4156 944 4221 belli
967 4157 1100 4222 Judaici
1123 4157 1219 4222 libris
1242 4160 1289 4228 ὡς
1313 4175 1385 4221 cum

204 4262 353 4342 optativo
379 4262 586 4328 coniunctum
610 4262 741 4343 saepius
766 4262 819 4344 (B.
839 4263 872 4327 J.
898 4263 925 4345 I,
945 4260 975 4345 8,
996 4260 1016 4325 5
1041 4301 1082 4308 -—
1109 4260 1160 4346 10,
1182 4260 1201 4325 7
1226 4300 1265 4308 —
1293 4260 1344 4346 13,
1365 4260 1384 4326 3

206 4364 1385 4454 -13,9—15,2bis-15,3-16,1-20,2—20,4;

205 4472 257 4563 ΙΙ,
290 4470 982 4563 8,9-12,1-21,2-21,8;
1029 4473 1098 4557 ΙΙΙ,
1130 4470 1385 4563 2,3-ψ6,2
