3240 5170
604 1324 744 1415 Pars
790 1323 964 1441 prior.

283 1572 324 1635 A.
348 1574 378 1641 I.
401 1573 453 1640 57.
501 1572 649 1637 Codices:
690 1575 853 1655 θαυμάζοι
886 1576 915 1636 εἰ
944 1574 1017 1653 περὶ
1050 1573 1169 1653 ἀνδρὸς
1197 1573 1321 1653 ἀγνοεῖς
1349 1574 1379 1634 τί

194 1681 322 1760 γέγονεν
346 1680 383 1741 ὃν
407 1678 503 1747 αὐτὸς
526 1680 744 1750 ἀπολώλεκας.
792 1680 891 1744 Niese
919 1696 977 1758 pro
1001 1675 1155 1758 genetivo
1180 1678 1300 1758 ἀνδρὸς
1323 1696 1376 1740 ac·

194 1783 377 1848 cusativum
400 1783 583 1862 ponendum
604 1802 675 1849 esse
696 1785 846 1850 coniecit.
883 1784 933 1849 De
952 1801 1013 1848 usu
1031 1782 1286 1864 praepositionis
1304 1787 1380 1866 περί

193 1892 350 1958 Kuehner
370 1893 413 1975 II,
435 1887 452 1953 1
479 1886 585 1973 3437,
601 1888 618 1953 1
632 1896 667 1955 et
681 1889 700 1954 3
715 1893 760 1973 (p.
772 1889 836 1954 426
854 1897 888 1954 et
904 1888 983 1972 428)
1007 1891 1089 1954 haec
1118 1889 1226 1954 docet:
1251 1889 1378 1954 Kausal

192 2000 258 2063 und
278 1998 415 2064 bildlich
434 1996 494 2059 hat
516 1999 591 2078 περί
619 2016 690 2061 cum
714 1997 867 2078 genetivo
891 1996 986 2061 einen
1009 1997 1086 2061 sehr
1109 1995 1378 2077 ausgebreiteten

194 2104 379 2187 Gebrauch,
403 2103 513 2166 indem
536 2121 571 2166 es
595 2103 628 2166 iu
653 2103 715 2167 den
739 2102 1048 2184 manuigfaltigsten
1066 2101 1300 2183 Beziehuugen
1324 2101 1378 2167 die

195 2212 343 2277 Ursache
357 2209 562 2291 pereminet,
582 2227 617 2269 so
632 2208 686 2272 bei
701 2209 763 2273 deu
775 2209 991 2273 Ausdriickeu
1008 2208 1098 2273 einer
1112 2208 1297 2274 sinulichen
1312 2209 1379 2272 unci

194 2318 358 2399 geistigen
377 2316 648 2391 Wahrnehmung
669 2317 799 2378 ἀκούειν
823 2316 938 2379 εἰδέναι
967 2318 1153 2378 ἐπίστασθαι
1181 2317 1377 2396 γιγνώσκειν,

195 2428 230 2488 et
253 2423 340 2488 infra
364 2423 404 2486 de
427 2425 502 2504 περί
525 2440 595 2485 cum
619 2419 809 2484 accusativo
834 2420 1020 2485 coniuncto:
1054 2421 1180 2484 Kausal
1203 2421 1270 2485 und
1293 2419 1378 2484 bilc-

195 2530 262 2593 lich
287 2547 344 2594 zur
368 2528 508 2607 Augabe
532 2526 623 2590 eines
646 2525 846 2606 physischen
871 2527 949 2591 oder
972 2526 1137 2607 geistigeu
1161 2525 1377 2609 Verweileus

196 2635 391 2717 Bemiihens‚
417 2631 736 2713 Bescheftigtseius,
775 2651 810 2696 so
833 2633 1019 2712 iiberhaupt
1043 2651 1100 2695 zur
1124 2633 1263 2713 Augabe
1287 2631 1379 2696 einer

196 2740 381 2804 Riicksicht
413 2739 473 2803 auf
503 2744 617 2802 etwas.
665 2740 743 2801 (ium
778 2737 836 2801 illa
867 2739 983 2819 regula
1016 2739 1055 2803 de
1080 2738 1267 2803 Atticorum
1299 2738 1378 2802 seri-

195 2845 295 2908 bendi
319 2863 438 2925 genere
462 2845 603 2908 deducta
627 2844 813 2907 summatim
836 2843 937 2909 etiam
961 2843 1072 2909 Flauii
1095 2844 1192 2908 stilus
1215 2851 1378 2929 teneatur,

197 2953 237 3016 cle
265 2951 444 3031 praemisso
474 2950 544 3014 loco
577 2951 659 3014 haec
693 2955 744 3014 est
778 2949 941 3035 quaestio,
979 2956 1087 3016 utrum
1115 2950 1292 3033 obiectum,
1327 2951 1379 3014 cui

197 3056 397 3138 praepositio
434 3060 509 3140 περί
544 3056 699 3121 adiuncta
738 3060 802 3140 est,
841 3057 882 3120 ad
919 3058 1055 3121 verbum
1092 3060 1220 3139 γέγονεν
1257 3075 1299 3119 an
1336 3056 1379 3119 ad

197 3166 323 3246 ἀγνοεῖς
345 3163 519 3228 referatur.
562 3162 660 3227 Prius
684 3162 713 3226 si
738 3163 809 3242 quis
833 3163 924 3227 uolet
947 3164 1060 3245 ἄνδρα,
1085 3163 1234 3245 alterum,
1259 3164 1379 3244 ἀνδρός

198 3269 331 3334 scribet.
379 3270 569 3334 Structurae
608 3272 743 3351 γίγνεταί
773 3297 800 3333 τι
831 3273 906 3352 περί
936 3294 1002 3332 τινα
1036 3272 1257 3332 consentanea
1289 3275 1379 3332 suut:

199 3376 241 3439 A.
265 3377 310 3459 H,
335 3373 377 3439 35
402 3383 497 3439 ταῦτα
521 3377 594 3457 περὶ
617 3377 672 3439 τὸν
691 3377 851 3459 Ἰώσηπον
874 3383 939 3445 τοῖς
963 3377 1115 3457 ἀὸελιγοῖς
1138 3377 1321 3456 ἐπέπρακτο
1346 3380 1380 3439 et

199 3482 239 3546 A.
265 3482 309 3555 H,
334 3479 411 3546 2⁴23:
450 3483 575 3544 τοιοῦτό
607 3507 633 3544 τι
664 3483 719 3545 καὶ
749 3484 822 3563 περὶ
853 3483 907 3545 τὸν
934 3483 1033 3544 παῖδα
1061 3488 1175 3544 τοῦτον
1207 3482 1379 3563 γενόμενον

198 3591 369 3671 ἐμφανίζει
392 3589 449 3670 τὴν
473 3588 564 3669 ἰσχὺν
587 3595 643 3650 τοῦ
668 3591 758 3651 θεοῦ.
795 3588 860 3652 Sed
879 3587 907 3651 si
927 3586 999 3666 quis
1017 3585 1223 3666 reputaverit
1242 3592 1276 3651 et
1295 3586 1379 3650 alias

198 3710 324 3774 quoque
356 3693 509 3757 Flavium
545 3711 616 3756 cum
647 3696 747 3757 verbo
784 3697 922 3776 ἀγνοεῖν,
957 3698 1091 3772 praeter
1124 3691 1380 3772 frequentiorem

198 3799 437 3881 accusativum,
473 3798 750 3878 praepositionem
784 3803 859 3882 περί
893 3802 927 3862 et
963 3799 1152 3878 genetivum
1188 3817 1380 3878 componere

199 3907 240 3986 (ο.
262 3905 324 3985 Ap.
344 3904 362 3969 I
385 3901 441 3969 67:
465 3908 537 3987 περὶ
558 3944 598 3950 -
618 3906 773 3969 Γαλατῶν
793 3943 832 3951 -
854 3906 1030 3988 ἠγνόησαν)
1050 3910 1085 3969 et
1104 3924 1175 3969 eam
1195 3904 1380 3971 sententiae

198 4009 391 4075 subiunctae
415 4017 556 4094 partem,
587 4031 682 4091 quem
705 4011 739 4075 in
763 4010 964 4094 primariam,
994 4011 1079 4075 unde
1103 4011 1163 4075 illa
1187 4011 1380 4076 secundaria

198 4116 354 4200 pendeat,
388 4116 562 4200 anticipet,
599 4117 842 4197 praepositione
876 4120 950 4199 περί
983 4135 1054 4181 cum
1089 4117 1244 4197 genetivo
1278 4119 1379 4181 verbo

199 4224 453 4305 accommodare,
474 4223 649 4287 lectionem
668 4226 740 4306 περὶ
759 4225 879 4307 ἀνδρὸς
898 4227 1023 4305 ἀγνοεῖς
1041 4223 1098 4288 vix
1117 4222 1243 4287 reiciet.
1277 4224 1379 4305 Quam

199 4329 291 4392 modo
312 4329 381 4393 dixi
401 4328 598 4393 Flavianam
618 4329 898 4414 cousuetudinem,
924 4349 995 4394 eam
1018 4330 1070 4393 his
1095 4327 1254 4408 exemplis
1272 4335 1379 4393 tuear:

199 4435 240 4499 A.
265 4439 280 4496 Ι
305 4433 346 4497 55
376 4434 434 4518 ἧκε
460 4436 544 4517 πρὸς
571 4435 625 4498 τὸν
649 4436 733 4499 Κάϊν
759 4438 831 4518 περὶ
859 4438 1019 4519 τάδελφοῦ
1047 4437 1296 4518 πυνθανόμενος
1323 4442 1383 4497 ποῖ
