3240 5170
720 307 938 414 -221,

238 517 310 563 oum
334 498 541 564 contulerim:
566 517 593 563 e.
604 498 668 579 Ap.
684 498 730 583 II,
747 495 824 562 131:
844 499 910 563 Ἐῶ
934 499 1009 571 τοὺς
1032 501 1181 584 βασιλέας
1205 502 1256 564 ἐπὶ
1279 503 1424 586 εὐσεβείᾳ

239 606 482 689 διαβοηθέντος.

328 716 364 784 (I.
387 716 451 798 Ap.
474 714 510 790 l,
533 711 610 781 268.
661 710 731 774 Οὐκ
766 698 805 773 ἄν
839 749 879 756 -
913 712 1033 794 ἤραντο
1065 713 1209 795 πόλεμον
1244 715 1342 798 δῆλον
1375 715 1424 777 ὅτι

238 819 384 889 πλείστας
416 822 542 902 ἔχοντες
566 817 747 897 συγγενείας
779 819 920 880 τοιοῦτοί
945 843 980 900 γε
1007 819 1042 882 τὸ
1070 821 1199 902 πλῆθος
1223 820 1319 891 ὄντες.
1369 819 1425 884 Sio

239 924 339 989 Niese
375 943 447 988 cum
478 921 627 1004 principe
660 919 806 986 editione
839 922 983 1003 scripsit.
1032 924 1153 989 Contra
1180 925 1426 991 Laurentianus

240 1030 356 1113 codex,
392 1048 487 1109 quem
515 1027 615 1093 Niese
647 1026 683 1091 in
714 1026 922 1107 praefatione
954 1030 1089 1095 duorum
1121 1049 1149 1094 c.
1173 1030 1237 1111 Ap.
1267 1018 1426 1097 librorum
1517 1110 1522 1120 ,

138 1142 144 1155 '
241 1139 287 1220 (p.
302 1136 354 1200 IX
369 1137 431 1219 sq.)
455 1133 596 1199 maxime
618 1132 779 1217 laudavit,
803 1137 938 1200 τοσοῦτό
963 1161 997 1218 γε
1019 1137 1055 1200 τὸ
1069 1138 1197 1221 πλῆθος
1211 1137 1322 1202 habet.
1354 1138 1427 1202 Hoc

241 1241 381 1324 Iosephi
409 1241 490 1306 mori
514 1239 720 1321 aptissimum
744 1244 808 1323 est,
843 1240 872 1305 si
895 1240 951 1326 iis,
988 1261 1071 1322 quae
1095 1262 1136 1307 ex
1159 1242 1427 1322 Antiquitatibus

241 1348 376 1433 collegi,
397 1334 560 1413 ¹conicere
591 1346 682 1411 licet.
729 1344 897 1411 Usitatum
932 1345 1019 1412 enim
1046 1347 1179 1413 videtur
1211 1347 1366 1430 scriptori
1393 1348 1429 1414 in

241 1455 432 1537 praedicato
462 1473 533 1518 cum
561 1451 682 1534 plurali
705 1470 838 1517 numero
862 1452 957 1517 verbi
981 1453 1181 1535 singularem
1204 1454 1360 1539 nominis,
1392 1455 1428 1520 in

242 1582 303 1643 quo
327 1561 418 1627 notio
442 1557 664 1624 multitudiuis
688 1563 749 1641 est,
774 1577 976 1639 componere.
1024 1559 1064 1624 V.
1089 1560 1130 1624 A.
1155 1560 1214 1644 lv,
1232 1558 1309 1627 116:
1337 1562 1426 1627 Θαυ-

243 1672 358 1752 μάζετε
376 1672 492 1740 τοίνυν,
517 1665 545 1732 α’)
564 1668 728 1749 μακάριος
746 1666 889 1749 στρατός,
913 1666 959 1729 ὅτι
977 1673 1131 1738 τοσοῦτος
1154 1669 1190 1740 ἐξ
1212 1667 1284 1739 ἑνὸς
1306 1669 1430 1752 πατρὸς

244 1776 401 1858 γεγόνατε.
440 1812 481 1819 -
520 1773 560 1855 V,
585 1768 664 1836 215:
689 1771 743 1842 Ὡς
770 1770 872 1842 πολὺς
901 1772 1034 1854 στρατὸς
1057 1774 1145 1844 ὄντες
1169 1774 1224 1836 καὶ
1246 1773 1330 1856 πρὸς
1352 1773 1430 1845 τοὺς

242 1883 418 1964 πολεμίους
441 1879 628 1962 ἀξιόμαχος.
676 1876 838 1944 Similiter
861 1875 961 1962 VIII,
986 1873 1065 1942 279:
1083 1877 1197 1943 Ἥκετε
1220 1879 1353 1963 στρατὸς
1376 1881 1426 1963 ἐφ’

242 1991 329 2071 ἡμᾶς
351 1993 513 2057 τοσοῦτος.

734 2159 941 2167 ——-—-—-.·.-0.*.

698 2357 799 2448 Pars
830 2359 972 2450 altera.

534 2555 583 2612 Δ.
611 2554 672 2611 lle
691 2553 909 2612 sententiis
928 2553 1133 2612 finalibus.

290 2792 293 2798 ,
332 2727 470 2793 Finales
484 2727 668 2792 sententias
684 2725 850 2807 primariis
869 2725 1051 2791 enuntiatis
1070 2727 1236 2808 Iosephus
1255 2724 1430 2808 particulis

244 2837 308 2907 ἵνα,
342 2834 446 2906 ὅπως,
480 2837 527 2905 ὡς
555 2832 739 2915 subiungit,
772 2836 913 2913 negatas
941 2831 1059 2897 iisdem
1087 2851 1159 2897 cum
1181 2832 1358 2914 negatione
1381 2836 1428 2916 μή

245 2939 428 3005 coniunctis
451 2944 509 3005 aut
531 2939 617 3005 nudo
640 2943 697 3023 μή.
734 2938 860 3003 Harum
884 2936 1147 3004 coniunctionum
1165 2938 1304 3020 primam
1323 2938 1430 3019 sequi-

244 3051 298 3110 tm
321 3046 375 3111 vel
400 3045 627 3112 coniunctivus
650 3047 705 3112 vel
729 3043 898 3125 optativus
922 3044 1098 3109 secundum
1113 3064 1313 3110 communem
1328 3045 1431 3111 Grae·

246 3171 355 3216 eorum
384 3151 516 3216 dicendi
544 3170 652 3234 usum,
681 3151 722 3216 de
751 3169 812 3230 quo
840 3150 972 3231 legatur
1000 3149 1430 3237 uuehn.11,2§553,2

246 3260 290 3341 (p.
310 3255 400 3342 894),
424 3262 572 3322 attamen
592 3276 634 3321 ex
647 3256 885 3338 posterioribus
900 3257 1136 3337 antiquitatum
1150 3257 1245 3322 libris
1260 3257 1430 3338 optativus

245 3363 419 3445 paullatim
443 3363 623 3429 evanescit.
655 3401 695 3408 -
742 3370 784 3434 Α.
808 3369 876 3451 vl,
899 3365 959 3434 117
984 3364 1176 3446 (Ἐπσρᾶτοι
1200 3402 1241 3409 -
1266 3367 1313 3438 ἵν’,
1338 3367 1370 3428 εἴ
1386 3389 1432 3439 τις

245 3472 529 3554 ἀποσχόμενος-
545 3472 646 3553 φάγοι
662 3508 703 3515 -
719 3470 814 3544 οὗτος
838 3474 998 3553 ἐπάρατος
1021 3469 1055 3553 ᾖ)
1082 3469 1193 3535 Neber
1208 3490 1249 3535 ex
1268 3469 1432 3550 epitomae

245 3579 280 3641 et
304 3575 445 3660 Glycae,
474 3577 515 3642 de
544 3595 605 3655 quo
630 3576 730 3641 Niese
757 3577 792 3641 in
820 3576 924 3658 praef.
950 3575 1029 3639 Aut.
1054 3595 1085 3655 p.
1109 3574 1262 3641 LXVIII
1276 3595 1324 3656 sq.
1350 3575 1430 3661 egit,

244 3681 433 3747 testimonio
457 3702 515 3763 pro
539 3682 575 3766 ᾖ,
604 3682 778 3762 quodiam
802 3683 834 3747 J.
859 3682 1012 3746 Bekkero
1036 3681 1221 3766 placuerat,
1247 3680 1431 3763 optativum

245 3792 291 3872 εῑγ
317 3786 463 3871 induxit,
492 3787 635 3853 fortasse
664 3789 750 3869 quod
777 3807 818 3853 ex
848 3787 924 3853 aliis
949 3786 1108 3868 exemplis
1131 3789 1225 3853 velut
1247 3787 1289 3853 Α.
1313 3787 1340 3872 I,
1366 3784 1429 3852 311

246 3897 312 3977 (ἵνα
338 3896 367 3958 δ’
394 3898 423 3958 εἰ
443 3897 689 3979 καταληφθεῖεν,
714 3932 755 3940 -
780 3894 860 3978 ἔχοι)
886 3894 913 3980 I,
929 3891 994 3958 335
1020 3895 1086 3976 (ἵνα
1102 3933 1142 3939 -
1159 3896 1323 3979 ἀφορῷεν,
1347 3896 1377 3958 εἰ
1389 3932 1429 3939 -

245 4001 421 4084 θελήσειεν)
446 4000 628 4082 Josephum
651 4000 686 4064 iu
710 3999 869 4066 eiusmodi
892 3999 1037 4082 periodis
1056 4000 1168 4065 modos
1182 4000 1270 4064 inter
1284 4018 1319 4065 se
1334 4018 1431 4081 pares

245 4106 384 4172 reddere
417 4106 582 4171 studuisse
616 4105 761 4188 collegit.
814 4107 950 4172 illorum
983 4110 1094 4170 autem
1126 4106 1347 4187 optativorum
1379 4125 1431 4170 ra-

212 4290 216 4295 ·
245 4211 368 4277 tionem
392 4211 492 4276 aliam
515 4211 618 4276 fuisse
642 4217 700 4277 aut
723 4210 1009 4294 certe'Josephum
1031 4211 1067 4276 iu
1085 4211 1143 4277 illo
1163 4211 1271 4277 studio
1287 4211 1353 4276 sibi
1367 4230 1432 4276 nou

247 4317 438 4382 constitisse
463 4317 672 4399 cognoscitur
687 4337 728 4384 ex
742 4320 783 4383 Α.
800 4318 858 4403 VI,
875 4314 931 4383 72:
951 4318 1109 4392 Ἠξίωσεν
1124 4321 1173 4382 ἵνα
1191 4357 1231 4365 -
1245 4320 1430 4402 παρακαλέ-

181 4414 185 4422 ’
246 4450 327 4491 σωσι
351 4433 532 4512 συμμαχεῖν
556 4427 664 4501 αὐτοῖς
687 4428 742 4493 καὶ
765 4429 795 4489 εἰ
813 4427 874 4514 μὲν
889 4427 979 4489 ἔλθοι
992 4427 1140 4513 βοήθεια,
1163 4426 1349 4513 πολεμῶσιν
1363 4426 1428 4493 κτλ.
