3240 5170
675 400 890 465 -25„.

189 592 249 655 bus
274 591 448 670 quotannis
473 591 515 655 ad
541 591 634 654 ludos
659 590 873 654 celebrandos
897 591 989 655 velut
1012 591 1185 655 Palatinos
1209 595 1250 656 ah
1266 591 1374 657 'Livia

189 696 223 759 in
247 696 391 778 Augusti
414 697 569 762 honorem
593 696 764 761 institutos
789 696 916 762 exstrui
939 697 1099 761 solebant.
1138 697 1264 762 Dahis
1288 698 1373 763 coni.

190 801 391 867 Oehmiehen
423 802 457 867 10
490 822 527 867 eo
561 822 658 883 opere
692 804 776 883 quod
809 805 850 868 ab
877 803 989 867 Iwano
1019 803 1058 867 dc
1082 803 1222 868 Mueller
1250 804 1374 869 editum

189 900 381 973 inscribitur
408 909 594 974 Handhuch
632 909 690 974 der
725 908 932 973 klassischen
956 907 1375 974 Altertumswissenschaft

191 1013 278 1095 (Vol.
299 1014 329 1077 V
352 1019 429 1079 tom.
454 1012 474 1077 3
498 1035 529 1094 p.
555 1010 634 1092 215)
661 1018 695 1079 01
717 1013 957 1079 Friedlaender
980 1015 1067 1094 apud
1090 1016 1285 1094 Marquardt
1308 1015 1373 1079 aa·

190 1118 313 1183 mische
338 1119 663 1201 Staatsverwaltung
687 1120 760 1183 Vol.
777 1120 830 1184 Ill
853 1140 884 1200 p.
901 1116 966 1183 510
991 1140 1064 1184 ann.
1081 1119 1111 1184 6.
1159 1121 1240 1185 Το10
1265 1125 1374 1186 autem

190 1225 355 1290 theatrum
379 1224 562 1306 praeterita
586 1230 698 1290 aetate
722 1227 764 1290 ad
787 1230 916 1306 tempus
940 1225 1149 1291 aedificatum
1173 1227 1374 1291 describenti

189 1331 336 1411 Joseplro
369 1349 526 1412 praesens
559 1335 623 1415 ἔχει
655 1350 691 1395 00
728 1331 833 1395 minus
868 1332 1026 1397 adhibere
1060 1333 1156 1398 licuit
1188 1333 1273 1412 quod
1307 1331 1374 1396 iam
1427 1416 1430 1423 Ι

189 1436 545 1517 plusquamperfectum
567 1440 801 1501 κατεσκεύαστο
824 1438 1051 1517 praemiserat.
1085 1439 1203 1517 Itaque
1221 1440 1283 1503 hoc
1302 1438 1372 1503 1000

190 1542 417 1622 imperfectum
443 1544 507 1627 εἶχε
535 1546 576 1607 ah
606 1562 642 1608 eo
672 1542 830 1623 scriptum
860 1561 932 1607 esse
962 1544 1087 1609 conieci
1111 1544 1196 1623 quod
1219 1565 1239 1608 a
1262 1544 1374 1610 Niesio

189 1647 225 1712 10
244 1654 359 1727 quarto
380 1650 465 1728 quod
483 1669 587 1731 nuper
601 1648 724 1731 prodiit
738 1648 903 1714 volumine
918 1649 1102 1714 confirmari
1116 1649 1223 1715 rideo.
1256 1650 1374 1715 Altero

189 1758 299 1818 autem
322 1755 394 1819 1000
420 1756 471 1838 (Β.
490 1757 513 1821 J
516 1808 522 1821 .
545 1751 698 1840 H‚17‚6
722 1764 759 1839 τῇ
785 1758 820 1819 δὲ
843 1759 918 1839 ἑξῆς
940 1763 1006 1819 τῶν
1030 1759 1236 1839 ξυλοφορίων
1260 1759 1373 1840 ἑορτῆς

190 1862 303 1942 σθσης,
328 1863 362 1924 έν
385 1860 407 1945 ᾗ
429 1869 527 1926 πᾶσιν
551 1864 629 1933 ἔθος
654 1864 732 1944 ὕλην
755 1870 802 1944 τῷ
825 1865 934 1945 βωμῷ
956 1865 1166 1945 προσφέρειν,
1194 1864 1286 1933 ὅπως
1308 1865 1372 1946 μή·

188 1991 267 2030 ποτε
289 1969 394 2051 τροφὴ
419 1977 466 2051 τῷ
489 1969 567 2050 πυρὶ
591 1969 711 2031 λίποιτο
731 1969 806 2037 τοὺς
828 1969 889 2049 μὲν
913 1969 1094 2050 διαφόρους
1116 1975 1172 2049 τῆς
1195 1970 1374 2051 θρησκείας

189 2074 381 2155 ἐξέκλεισαν)
406 2076 555 2157 verbum,
590 2074 676 2138 unde
700 2075 792 2143 ὅπως
815 2072 950 2155 pendet,
976 2073 1191 2153 supplendum
1216 2077 1279 2137 est:
1312 2075 1374 2138 hoc

190 2186 299 2242 autem
323 2182 405 2243 ἐστίν
428 2198 492 2243 000
515 2179 622 2261 magis
647 2197 719 2243 0000
742 2183 854 2259 potest
877 2197 973 2257 quam
997 2179 1045 2262 ἢν.

279 2349 344 2414 Sed
367 2356 404 2413 ut
428 2369 481 2434 ea,
507 2369 589 2429 quae
614 2351 654 2415 de
679 2349 783 2414 modis
807 2351 899 2419 ὅπως
922 2350 1010 2429 apud
1033 2349 1187 2415 Flavium
1211 2350 1375 2429 sequenti-

188 2457 249 2519 hus
278 2455 432 2539 disserui,
468 2456 511 2519 ad
537 2454 615 2519 illus
643 2455 765 2520 formas
794 2455 967 2520 aNabero
995 2454 1185 2520 immutatas
1212 2475 1373 2541 revocem,

188 2564 351 2626 certorum
385 2560 586 2625 coniunctivi
615 2562 836 2641 exemplorum
863 2580 1011 2643 numero,
1044 2580 1178 2639 quorum
1209 2562 1290 2628 fides
1322 2582 1373 2627 co-

84 2708 89 2715 ,
189 2665 297 2731 dicum
321 2667 520 2732 auctoritate
544 2667 730 2749 adiuvatur,
755 2685 827 2731 cum
846 2666 958 2731 Niesio
983 2684 1174 2747 persuasum
1196 2669 1303 2733 habeo
1326 2668 1374 2733 ibi

189 2790 328 2854 quoque,
360 2773 417 2837 uhi
440 2773 551 2839 Naher
574 2772 718 2838 futurum
741 2772 909 2857 maluerit,
944 2773 1170 2837 coniunctivos
1199 2793 1271 2839 esse
1294 2775 1373 2839 reti-

187 2877 321 2941 nendos,
369 2877 405 2942 Si
428 2883 561 2959 praeter
588 2879 663 2943 illos
687 2879 776 2943 10000
804 2880 896 2950 ὅπως
929 2899 1000 2945 cum
1027 2880 1137 2945 futuro
1167 2880 1373 2945 coniunctum

188 2982 460 3067 deprehenditur,
492 2983 552 3047 illa
580 2984 744 3064 particula
777 3005 841 3050 non
874 2985 997 3069 finalis,
1032 2987 1091 3050 sed
1121 2985 1372 3070 interrogativa,

189 3106 285 3167 quam
301 3089 449 3173 (11011000,
466 3089 634 3153 sententia
650 3090 824 3155 subiuncta
841 3091 1020 3157 inducitur:
1044 3094 1086 3157 A.
1104 3092 1130 3174 l,
1148 3088 1190 3154 lc
1208 3093 1373 3174 Ἔγνωοτο

187 3196 260 3277 περὶ
288 3198 383 3278 ὑμῶν
412 3197 504 3266 ὅπως
528 3196 714 3278 (quomodo)
738 3198 915 3279 εὐδαίμονα
939 3202 1011 3283 βίον
1038 3201 1093 3263 καὶ
1120 3205 1226 3262 κακοῦ
1254 3200 1374 3270 παντὸς

189 3301 304 3384 ἀπαθῆ
327 3304 468 3384 βιώσετε.

278 3446 427 3525 Denique
451 3465 556 3526 panca
577 3446 781 3511 disserantur
801 3448 841 3512 de
863 3447 1025 3528 corruptis
1044 3447 1155 3513 verbis
1179 3454 1217 3517 A.
1240 3454 1277 3531 V,
1300 3452 1374 3519 ala.

187 3550 336 3622 Ἐπιστὰς
354 3553 436 3616 κατὰ
457 3553 532 3623 τοὺς
548 3555 673 3625 ὕπνους
692 3557 709 3618 ὁ
730 3555 808 3626 θεὸς
826 3563 873 3637 τῷ
884 3555 1025 3618 Γεδεῶνι
1043 3557 1101 3638 τήν
1123 3557 1146 3617 τ’
1161 3558 1374 3639 ἀνθρωπίνην

189 3657 285 3739 φύσιν
304 3660 393 3740 αὐτῷ
412 3660 565 3741 φίλαυτον
589 3659 690 3723 οὖσαν
714 3661 831 3743 ἐδήλου
854 3659 1015 3748 καὶπρὸς
1037 3661 1112 3731 τοὺς
1141 3663 1237 3744 ἀρετῇ
1262 3663 1373 3744 διαφέ-

189 3787 305 3844 ροντας
333 3760 605 3847 ἀπεχθανομένην
633 3769 725 3836 ὅπως
752 3793 784 3830 τε
811 3767 868 3848 τὴν
897 3769 988 3848 νίκην
1019 3769 1172 3848 παρέντες
1203 3775 1260 3829 τοῦ
1292 3769 1373 3830 θεοῦ

190 3869 298 3932 δοκεῖν
330 3872 516 3952 νομίζουσιν
548 3873 631 3935 ἰδίαν
663 3874 727 3935 κτλ.
774 3871 814 3935 In
847 3870 1014 3936 codicibus
1047 3871 1098 3935 SP
1131 3891 1189 3952 pro
1221 3874 1312 3943 ὅπως
1343 3899 1375 3936 τε

188 3973 312 4055 legitur
336 3977 427 4046 ὅπως
450 4002 482 4039 τε
504 3980 566 4061 μή,
601 3976 653 4041 001
676 3977 899 4061 Havercamp,
933 3979 966 4043 J.
991 3978 1140 4061 Bekker,
1172 3977 1283 4041 Naber
1310 3997 1374 4042 non

188 4079 294 4144 minus
314 4088 526 4146 assenserunt
549 4102 645 4162 quam
669 4082 876 4148 coniunctivo
897 4087 1073 4168 νομίζωσιν
1097 4101 1191 4161 quem
1212 4089 1376 4149 corrector

189 4185 309 4264 aliquis
340 4186 462 4251 codicis
492 4188 512 4252 S
542 4208 600 4269 pro
624 4193 811 4272 νομίζουσιν
841 4190 1023 4254 substituit.
1071 4189 1123 4252 Ex
1152 4188 1255 4253 forma
1284 4193 1374 4273 νομί-

191 4294 300 4365 ζουσιν
324 4292 439 4377 111000,
469 4294 523 4372 qui
547 4294 581 4358 10
607 4294 841 4375 compositione
866 4298 957 4367 ὅπως
980 4322 1013 4360 ιε
1037 4295 1213 4373 secundum
1237 4296 1376 4376 optimos

192 4397 322 4462 codices
346 4398 510 4483 perstitit,
545 4400 690 4464 futurum
713 4408 881 4484 νομιοῦσιν
903 4406 971 4465 aut
1003 4404 1191 4484 νομίοουοιν
1226 4401 1375 4466 coniecit.

191 4501 335 4588 (Confer.
366 4504 408 4572 ad
440 4505 603 4591 duplicem
632 4505 913 4574 futuriformam:
953 4507 993 4571 Α.
1019 4506 1049 4591 I,
1079 4503 1143 4573 224
1178 4509 1375 4595 ἐμφανίσειν,
