3240 5170
687 329 905 397 *11-

383 526 401 549 μ
440 500 463 548 ⁶,
548 516 551 521 ¹
615 525 624 543 J
764 523 770 545 ι
808 524 823 544 21
1103 526 1110 545 ι
1248 526 1257 548 2
1293 524 1300 545 t

298 527 315 591 Ι
340 526 413 593 lili.
462 523 710 586 Επινευσαντων
740 523 774 584 δε
802 547 921 604 αρτους
948 549 979 587 τε
1006 529 1202 606 προοεταξεν
1225 527 1325 595 ευθυς
1353 526 1389 588 ἔκ

209 631 407 712 σεμιδάλεως
440 632 585 712 γενέσθαι
618 631 672 707 καὶ
705 630 830 712 μόσχον
855 631 959 699 θύσας
989 630 1043 693 καὶ
1071 631 1213 713 ὀπτήσας
1242 632 1390 712 ἐκόμισεν

208 742 317 808 αὐτοῖς
341 738 404 801 ὑπὸ
427 742 464 818 τῇ
490 736 568 817 δρυῒ
586 738 835 817 κατακειμένοις.
871 735 948 798 lton
969 734 1161 814 saepissime
1180 734 1391 816 participium

207 844 279 908 sive
312 843 518 907 coniunctum
551 840 623 903 sire
655 840 840 904 absolutum
874 840 906 903 in
943 839 1073 905 casibus
1110 841 1251 920 obliquis
1285 860 1390 921 neque

207 950 346 1014 articulo
384 967 488 1027 neque
528 946 710 1026 pronomini
743 948 839 1017 αὐτός
871 945 1005 1010 altinum
1038 947 1125 1027 apud
1157 926 1310 1012 Flauiu'm
1343 949 1390 1012 in-

206 1056 368 1139 veniatur,
394 1074 457 1134 qua
481 1057 647 1117 strnctrua
671 1052 823 1134 eflicitur,
848 1057 884 1116 ut
908 1052 1118 1133 participium
1142 1055 1246 1118 solum
1269 1054 1391 1119 obiecti

210 1169 268 1226 aot
290 1161 431 1225 subiecti
455 1161 560 1224 locum
585 1164 708 1239 teneat,
733 1158 832 1223 Niesc
856 1159 909 1222 hic
934 1177 1059 1238 quoque
1085 1159 1118 1223 iu
1142 1163 1250 1230 αὐτοῖς
1270 1198 1310 1205 -
1330 1185 1389 1224 κα-

209 1270 405 1351 τακειμένοις
432 1265 601 1331 offendens
625 1269 732 1335 αὐτοῖς
757 1283 827 1329 cum
851 1267 947 1337 αὐτός
971 1266 1091 1331 mutari
1115 1266 1229 1331 voluit.
1276 1266 1315 1329 ln
1340 1285 1392 1329 co-

209 1373 282 1437 dice
307 1373 333 1435 P
358 1393 377 1436 o
401 1372 510 1436 scriba
534 1371 604 1452 ipso
630 1378 687 1435 aiut
710 1373 751 1434 ab
780 1372 911 1449 aequali
940 1378 1126 1436 correctura
1155 1372 1237 1436 exiit
1264 1374 1392 1443 αὐτούς,

210 1479 244 1542 in
269 1479 289 1542 S
315 1480 427 1543 eodem
455 1480 549 1543 morlo
577 1480 693 1541 αὐτῶν.
741 1477 921 1541 Genetitos
950 1478 1118 1543 absolutos
1147 1481 1260 1550 αὐτοῦ,
1284 1481 1392 1542 αὐτῶν

209 1585 243 1649 in
272 1591 437 1649 structura
465 1583 634 1664 participii
663 1583 771 1647 ‹nnitti
799 1602 909 1667 posse,
942 1584 970 1647 si
1004 1604 1043 1648 ex
1076 1583 1289 1664 praecedenti
1321 1603 1392 1648 ora-

208 1691 298 1754 tione
342 1690 440 1755 facile
485 1691 729 1772 supplerentur,
774 1691 930 1755 liuehner
969 1690 1004 1753 ll
1035 1689 1055 1754 2
1098 1693 1115 1773 ξ
1148 1688 1213 1755 486
1250 1710 1324 1755 ann.
1350 1688 1392 1755 2ο

210 1799 254 1878 (p.
279 1794 358 1878 641)
387 1796 546 1876 exemplis
575 1815 615 1860 ex
648 1796 807 1860 communi
822 1786 1030 1860 'Graecorum
1062 1816 1210 1862 sermone
1243 1796 1393 1861 collectis

209 1903 458 1986 demonstrarit,
483 1902 621 1966 aliorum
646 1921 777 1967 casuum
802 1902 1000 1982 pronominis
1020 1902 1177 1968 alluvio
1201 1904 1392 1968 omissorum

209 2009 359 2088 exempla
383 2011 464 2074 haec
488 2008 665 2089 proferam:
701 2009 742 2071 Α.
767 2008 829 2091 Ill,
855 2005 896 2071 37
925 2017 990 2074 τῶν
1016 2011 1100 2092 πρὸς
1123 2013 1180 2094 τὴν
1204 2012 1308 2093 ἀκοήν
1332 2034 1392 2073 κα-

210 2116 432 2197 ταπλαγέντων
456 2118 484 2178 εἰ
507 2117 569 2178 ὑπό
593 2141 624 2177 τε
648 2122 704 2178 τοῦ
731 2116 848 2195 δίηιους
871 2117 925 2179 καὶ
952 2124 1008 2198 τῆς
1037 2118 1225 2198 ὁδοιπορίας
1253 2118 1390 2180 τεταλαι-

209 2222 417 2304 πωρημένοις
441 2222 526 2303 (scil.
547 2222 667 2303 αὐτοῖς)
693 2223 818 2304 ἀνάγκη
844 2224 965 2303 γένοιτο
989 2224 1116 2285 κόπτειν
1140 2225 1197 2305 τὴν
1220 2226 1348 2305 πέτραν,
1373 2226 1391 2286 ὁ

208 2328 360 2409 Μωυσῆς
390 2329 513 2410 πλήττει
542 2331 606 2391 κτλ.
633 2366 672 2372 -
712 2328 771 2410 IV3
797 2325 874 2391 130:
906 2330 1035 2391 ἐπειδάν
1068 2330 1102 2391 δὲ
1134 2332 1392 2413 κεχειρωμένους

209 2435 311 2514 δρῶσι
339 2441 405 2503 ταῖς
433 2436 618 2517 ἐπιθυμίαις
647 2434 731 2515 (scil.
758 2436 875 2505 αὐτοὺς
903 2436 994 2518 [τοὺς
1023 2435 1194 2517 νεανίαςί),
1223 2436 1390 2499 καταλιπέ-

210 2564 325 2603 τωσαν.
341 2577 380 2583 -
407 2540 445 2621 V,
464 2536 519 2602 30:
544 2541 600 2622 τὴν
621 2540 782 2623 Ῥαχάβην
806 2544 932 2604 έσωσαν
956 2544 987 2603 οἱ
1010 2544 1211 2604 κατάσκοποι
1234 2541 1391 2622 καὶπρὸς

210 2647 307 2709 αὐτόν
331 2648 465 2728 ἀχθείσῃ
490 2648 584 2727 χάριν
609 2650 690 2729 ἔχειν
714 2649 883 2728 ὡμολόγει.
911 2685 950 2691 —
995 2646 1052 2728 Vl,
1078 2644 1155 2710 301:
1181 2648 1322 2729 Ἀβιγαία
1348 2685 1388 2692 »-

210 2754 380 2833 ἐπορεύετο
404 2752 487 2832 πρὸς
512 2752 666 2834 Δαυίδην·
696 2755 934 2836 καταβαινούσῃ
966 2755 1000 2815 δὲ
1028 2754 1064 2815 τά
1095 2753 1185 2816 στενά
1210 2761 1265 2816 τοῦ
1290 2755 1390 2834 ὄρους

209 2860 369 2940 ἀπήντησε
392 2857 543 2940 Δαυίδης.
569 2896 608 2902 --
635 2858 711 2941 VH,
729 2855 792 2921 30:
814 2859 1076 2942 Ὑποδεξαμένου
1102 2862 1131 2922 δ’
1158 2860 1254 2922 αὐτὸν
1276 2896 1314 2903 -
1336 2862 1390 2923 καὶ

207 2964 341 3045 λαμπρᾷ
372 2965 426 3026 καὶ
457 2966 623 3028 πολυτελεῖ
650 2967 789 3048 τραπέζῃ
824 2968 1002 3037 ξενίσαντος
1033 2966 1085 3028 ἐπὶ
1112 2965 1234 3035 πολλάς
1268 2968 1390 3048 ἡμέρας

206 3071 343 3151 ἠξίωσεν
368 3070 502 3151 ἀφεθεὶς
525 3072 654 3151 ἀγαγεῖν
677 3071 713 3133 za
736 3073 873 3153 πλῆθος,
898 3074 947 3134 ἵνα
971 3072 1105 3154 παρόντι
1126 3072 1180 3134 καὶ
1199 3073 1389 3153 βλεπομένῳ

205 3177 380 3254 παραθῶσι
405 3177 461 3258 τήν
486 3177 599 3257 ἀρχήν.
625 3213 665 3219 -
702 3176 778 3259 VH,
805 3173 882 3239 166:
908 3176 1054 3259 Ἡκούσῃ
1081 3177 1164 3259 (scil.
1190 3185 1226 3260 τῇ
1251 3179 1388 3260 ἀδελφῇ)

204 3283 400 3361 προσέταξεν
437 3283 455 3344 ὁ
487 3281 616 3362 Ἀμνόιν
653 3284 771 3363 ἀρτους
813 3285 902 3364 αὐτῷ
938 3291 1078 3366 ποιήσαι.
1112 3321 1151 3327 —
1194 3282 1274 3365 VH,
1311 3280 1389 3347 321:

201 3386 363 3449 Ἱκετεύειν
394 3389 514 3470 ἤρξατο
547 3389 601 3450 καὶ
636 3390 834 3469 παρακαλεῖν
865 3391 983 3471 ετίμενή
1016 3391 1163 3470 γενέσθαι
1196 3391 1250 3452 καὶ
1282 3414 1388 3472 συγγι-

205 3494 342 3556 νώσκειν
367 3494 566 3575 ἡμαρτηκότι
591 3492 675 3574 (scil.
701 3496 829 3575 ἑαυτῷ).
856 3532 896 3538 -
935 3494 1010 3576 Vll,
1036 3491 1114 3557 354:
1142 3496 1308 3559 Σάδωκον
1332 3521 1388 3579 με-

205 3601 398 3679 ταπέμπεται
426 3599 481 3661 τὸν
511 3601 659 3682 ἀρχιερέα
689 3601 743 3661 καὶ
766 3600 911 3662 Βαναίαν
935 3600 988 3662 τὸν
1017 3601 1068 3663 ἐπὶ
1096 3607 1160 3663 τῶν
1191 3625 1388 3684 σωματοφυ-

206 3705 317 3767 λάκων
333 3706 387 3766 καί
404 3707 678 3787 παραγενομένοις
696 3706 755 3785 (st.
774 3707 894 3788 αὐτοῖς)
913 3708 1031 3769 κελεύει
1053 3709 1117 3769 κτλ.
1136 3745 1176 3751 -·
1202 3707 1295 3788 VIH,
1311 3704 1388 3772 296:

140 3882 144 3887 ⁵
203 3808 409 3891 Ἐπιμένουσι
441 3810 527 3892 (scil.
549 3812 675 3893 Ἀσάνῳ
706 3813 760 3874 καὶ
792 3821 831 3894 τῇ
862 3813 920 3876 σύν
953 3814 1042 3894 αὐτῷ
1072 3815 1214 3895 στρατιᾷ)
1242 3815 1303 3894 μὲν
1330 3814 1389 3877 οὗν

205 3918 346 3997 ἔφασκεν
376 3919 424 3980 ἀεὶ
452 3924 579 3998 κρατεῖν
607 3919 724 3987 αὐτούς
757 3919 885 3998 (contra
914 3937 953 3982 ea
981 3917 1104 3997 legitur
1132 3917 1166 3982 in
1193 3937 1389 3999 praegressa

205 4022 426 4102 paragrapho:
469 4026 743 4104 παραγενομένοις
785 4027 893 4095 αὐτοῖς
934 4027 1114 4107 ἀπήντησεν
1150 4025 1321 4106 Ἀζαρίας).
1347 4062 1387 4069 -

205 4126 272 4208 lx,
297 4124 353 4190 48:
386 4128 426 4191 Ὁ
451 4130 485 4191 δὲ
513 4131 684 4211 προφήτης
713 4132 919 4194 ἀπελθοῦσαν
949 4129 1034 4210 (scil.
1064 4132 1121 4212 τήν
1145 4132 1293 4212 γυναῖκα)
1319 4134 1387 4194 ἐκέ-

206 4234 314 4296 λευσεν
339 4234 534 4315 (anteccditz
563 4238 744 4318 πυθομένῳ
770 4236 804 4298 δὲ
828 4238 918 4317 αὐτῷ
942 4236 1038 4299 οὐδέν
1062 4238 1138 4299 ἀλλο
1163 4237 1250 4318 ἔφη).
1294 4235 1388 4299 Simi-

204 4336 281 4401 liter
309 4358 486 4418 pronomen
515 4341 677 4405 secundae
706 4359 865 4420 personae
892 4341 1025 4406 auditur
1053 4342 1087 4404 in
1112 4341 1210 4424 VIII,
1236 4338 1299 4404 269
1327 4343 1388 4405 Τὸν

205 4444 284 4508 θεὸν
309 4447 348 4509 οὐ
372 4448 541 4517 λανθάνεις
565 4450 601 4516 ὃς
625 4449 824 4531 ἀφιξομένην
849 4448 934 4530 (soil.
960 4450 1007 4529 σε)
1031 4474 1088 4530 μοι
1112 4450 1262 4535 ἐδήλωσε.
