3240 5170
768 418 806 423 „-
855 338 896 440 aa
946 416 984 421 ψ

284 570 359 650 est).
399 607 424 612 -
467 568 529 651 VI,
555 565 633 633 328:
674 569 735 631 Τὸν
765 569 843 632 θεὸν
873 569 924 631 διὰ
958 574 1022 631 τῶν
1046 571 1226 648 προφητῶν
1257 567 1363 647 ἐρωτᾷ
1393 568 1468 649 περὶ

283 682 338 757 τῆς
361 677 469 757 μάχης
493 676 547 738 καὶ
570 683 626 738 τοῦ
651 677 723 757 περὶ
753 677 868 757 ταύτην
898 677 1055 756 ἐσομένου
1088 673 1197 739 τέλους
1226 678 1398 753 προειπεῖν.
1424 710 1465 716 -<

286 778 360 862 VII,
387 776 465 844 164:
501 781 706 862 Προσελθὼν
738 783 846 863 ἠρώτα
878 783 1001 863 φράσαι
1032 780 1088 860 τὴν
1113 780 1212 840 αἰτίαν
1236 779 1331 859 αὐτῷ.
1378 777 1468 841 Aliis

284 903 409 964 quoque
433 885 649 965 scriptoribus
672 887 757 950 hanc
782 885 876 949 verni
900 889 1023 967 ἐρωτᾶν
1048 881 1321 963 significationem
1343 889 1467 965 notam,

284 989 414 1054 etiarnsi
437 990 604 1056 rarissime
629 991 812 1055 adhibitam
836 992 942 1072 (reiut
967 989 1103 1071 Babrio,
1136 988 1325 1071 Appollonio)
1351 988 1469 1054 Winer

284 1115 314 1175 p.
332 1093 375 1159 29
393 1096 415 1160 l.
432 1116 458 1161 c.
483 1098 638 1162 ostendit.
687 1096 824 1176 Saepius
854 1097 1032 1176 scriptores
1058 1095 1142 1158 Novi
1167 1095 1372 1159 Testamenti
1399 1094 1469 1159 vinu

284 1202 399 1266 orandi
429 1202 480 1267 illi
503 1204 577 1267 voci
605 1203 829 1283 imposuerunt
856 1202 1046 1267 hebraicum
1077 1219 1258 1265 sermonem
1286 1200 1468 1281 imitantes

285 1307 339 1386 qui
372 1327 469 1373 unum
501 1310 694 1374 uocabulum
728 1310 822 1395 (toja)
857 1329 914 1389 pro
950 1310 1094 1385 rorando
1131 1314 1165 1371 et
1198 1307 1319 1371 orando
1354 1307 1468 1371 habet.

285 1413 369 1477 Vid'e
407 1415 753 1492 Grimm-Fritzsche,
790 1417 853 1480 lex.
885 1415 964 1480 Nor.
996 1417 1086 1480 'lest
1117 1433 1143 1478 s.
1168 1415 1199 1477 lr.
1225 1432 1255 1477 v.
1307 1412 1469 1478 Fortasse

285 1520 424 1600 ..losepln‘
452 1541 577 1601 quoque
606 1521 702 1585 stilus
737 1521 843 1601 patrio
882 1521 1052 1602 scriptoris
1091 1520 1231 1585 sernmni
1269 1521 1469 1584 translatam

284 1624 376 1689 illam
400 1627 494 1690 verbi
517 1628 584 1693 vim
608 1627 730 1693 debuit.

374 1731 422 1795 Ne
447 1733 524 1812 quid
546 1734 824 1814 praetermittam:
854 1752 913 1813 pro
937 1734 1028 1798 finali
1053 1731 1219 1797 sententia
1243 1734 1404 1813 insepulto,
1430 1739 1471 1797 ut

286 1838 422 1922 ceteris,
457 1839 667 1919 participium
704 1840 807 1904 futuri
842 1839 967 1919 placuit
997 1839 1103 1921 (velut
1127 1839 1166 1902 A.
1194 1839 1240 1922 ii,
1266 1837 1346 1921 ⁸221,
1371 1835 1469 1921 asir:

282 1943 343 2006 hoc
378 1950 488 2010 autem
523 1944 733 2025 participium
769 1946 975 2010 desideratur
999 1947 1039 2009 ,1.
1068 1946 1125 2028 ix,
1153 1942 1216 2007 112
1245 1945 1301 2008 ubi
1325 1945 1471 2025 scriptor

284 2048 483 2114 infinitivum
518 2050 647 2115 maluit:
689 2055 927 2134 ἐπισκέψασθαι
963 2054 997 2115 (li
1032 2060 1104 2122 πῶς
1133 2055 1168 2115 εἰι
1199 2059 1255 2113 τοῦ
1284 2054 1471 2134 τραύματος

285 2158 352 2237 ἔχοι
383 2158 529 2239 ἐληλύθει
559 2159 686 2239 (contra
715 2159 825 2238 plaullo
850 2158 938 2222 infra
963 2158 1022 2241 IX,
1050 2155 1111 2220 117
1141 2166 1249 2241 παρῆν
1279 2160 1340 2240 γὰρ
1370 2159 1471 2229 αὐτὸς

286 2263 332 2331 ὡς
368 2265 450 2345 ἔφην
486 2266 673 2345 ἔμπροσθεν
709 2267 874 2346 ὀψόμενος
908 2267 1019 2333 αὐτόν,
1054 2271 1125 2333 πῶς
1161 2267 1196 2327 ἐκ
1230 2271 1286 2325 τοῦ
1321 2265 1469 2345 τραύμα-

285 2393 337 2437 τος
362 2371 452 2451 ἔχοι).

543 2570 588 2626 Β.
617 2570 676 2626 De
698 2553 915 2627 sententiis
935 2569 1213 2628 consecutivis.
1248 2568 1254 2579 ‘

376 2677 453 2740 lium
489 2677 680 2758 saepissime
718 2679 855 2742 arbitrio
890 2679 1061 2759 scriptoris
1097 2678 1322 2761 permittatur,
1359 2683 1470 2743 ntnim

285 2802 354 2846 rem
379 2802 418 2846 ex
443 2784 717 2862 praecedentibus
743 2792 994 2862 consequentem
1025 2804 1065 2848 ex
1094 2783 1267 2848 uoluntate
1297 2790 1331 2848 et
1359 2791 1470 2849 ruente

243 2888 248 2903 ’
285 2880 369 2971 cius,
404 2889 444 2953 (le
469 2908 529 2967 quo
554 2908 749 2970 praegressa
774 2892 941 2955 sententia
965 2891 1090 2973 agitur,
1123 2890 1305 2970 proiectam
1329 2909 1401 2956 esse
1426 2911 1471 2955 an

285 2996 391 3074 ipsam
415 3014 473 3073 per
497 3014 532 3058 se
552 2993 702 3059 euenisse
722 2996 821 3077 dicat,
846 2996 961 3060 finales
982 3002 1016 3061 et
1033 2997 1270 3063 consecutivae
1282 2997 1471 3061 sententiae
1524 3060 1533 3071 ,

286 3099 417 3179 saepius
441 3099 528 3164 inter
552 3119 586 3163 se
617 3100 802 3183 oraturum,
832 3106 884 3181 ut,
916 3104 1000 3180 quuul
1031 3103 1145 3181 riuique
1175 3103 1383 3167 tribuendum
1412 3103 1469 3187 sit,

287 3204 422 3270 difficile
443 3204 650 3269 diiudicetur.
688 3210 756 3287 Quin
776 3206 847 3270 lieri
868 3208 947 3272 mihi
964 3210 1095 3274 violetur
1111 3217 1147 3273 ut
1164 3209 1249 3288 apud
1269 3209 1469 3288 posteriores

285 3310 469 3391 particulae
494 3310 599 3389 mauis
624 3310 792 3390 turonisque
818 3312 1026 3380 misceantur.
1076 3315 1199 3397 [Aliter
1218 3315 1374 3379 Kuehner
1389 3314 1471 3398 11,ss

286 3415 408 3500 5553,
434 3415 454 3479 2
484 3414 602 3482 annii
634 3417 677 3497 (p.
703 3414 781 3501 895)
815 3421 898 3484 lianc
932 3441 999 3485 rem
1033 3420 1196 3484 Homerici
1230 3421 1360 3486 (licendi
1391 3440 1471 3487 usus

290 3522 508 3587 imitationem
532 3539 603 3586 esse
629 3523 756 3607 uoluit]
809 3525 851 3588 Ut
875 3545 973 3606 supra
997 3536 1071 3606 post
1094 3529 1229 3591 uerbmn
1257 3529 1412 3610 δεηθῆναι
1437 3537 1472 3592 et

291 3628 412 3693 similia
447 3633 481 3690 et
519 3628 762 3694 corrsecutivam
800 3637 833 3693 et
868 3631 983 3696 finales
1018 3633 1199 3714 particulas
1234 3632 1268 3695 iu
1303 3652 1362 3697 usu
1397 3651 1471 3699 esse

291 3733 430 3816 ostendi,
458 3734 505 3797 sio
529 3736 578 3796 ἵνα
604 3736 814 3801 consecutiva
839 3738 872 3803 vi
896 3759 915 3801 a
940 3738 1058 3803 Flavio
1084 3747 1218 3803 ornatur
1242 3739 1282 3801 A.
1309 3739 1365 3821 Vl,
1391 3736 1471 3804 367:

290 3841 355 3903 Kal
387 3841 421 3911 ἒξ
452 3842 575 3902 ἐκεῖνον
610 3842 710 3922 νόμος
742 3842 836 3913 οὗτος
866 3847 1022 3928 ἐκράτησε
1049 3851 1126 3928 παρ’
1158 3848 1265 3914 αὐτοῖς
1294 3847 1343 3908 ἵνα
1372 3848 1470 3910 ταύτὰ

291 3954 355 4015 τοῖς
374 3949 572 4028 μαχομένοις
597 3947 805 4029 λαμβάνωσιν
829 3952 860 4012 οἱ
882 3952 919 4013 τοὶ
944 3955 1042 4034 σκεύη
1068 3953 1285 4034 φυλάττοντες.
1334 3952 1471 4034 (Contra

290 4049 413 4132 legitur
437 4051 476 4114 A.
503 4051 597 4133 VIII,
625 4050 701 4116 193:
730 4054 846 4123 Εὐθὺς
869 4058 929 4137 μὲν
953 4060 1113 4139 ἐκρατεῖτο
1136 4057 1219 4139 πρὸς
1243 4059 1363 4129 αὐτῶν,
1387 4061 1472 4123 ὥστε

290 4159 458 4240 μιμεῖσθαι
487 4159 523 4221 τὰ
547 4161 625 4239 παρ’
652 4161 784 4224 ἐκείνων
810 4199 847 4205 Μ
875 4162 983 4241 priore
1007 4163 1077 4226 loco
1108 4171 1235 4246 κρατεῖν
1258 4162 1472 4231 intransitive

290 4267 481 4343 usurpatum
517 4264 602 4329 idem
637 4265 728 4329 valet
764 4285 802 4329 ac
837 4273 984 4333 nostrum
1012 4268 1270 4352 durchdringen‚
1309 4270 1343 4334 in
1371 4271 1474 4337 Krait

291 4372 414 4453 meten)
440 4370 519 4453 XII,
547 4368 597 4453 ll,
624 4368 658 4433 1:
691 4372 750 4453 Mn
776 4376 860 4435 τοῦτ’
887 4376 990 4437 ἐπίδοι
1015 4377 1101 4458 ἥλιος
1126 4378 1306 4457 γενόμενον,
1332 4378 1380 4439 ἵνα
1405 4379 1471 4459 ἐγὼ

290 4480 328 4541 τὰ
353 4479 438 4540 νῶτά
462 4501 528 4559 μον
554 4479 649 4551 δείξαι
674 4485 738 4547 τοῖς
761 4479 934 4561 πολεμίοις.
