3240 5170
762 313 957 377 ,6-

268 503 469 579 sinpularum
500 505 641 583 partium
669 504 815 569 codicum
839 505 907 569 uim
931 510 964 569 ct
989 505 1186 585 dignitatem
1210 524 1354 571 seorsum
1379 523 1454 569 exa·

268 609 455 673 minandum
481 628 553 673 esse
579 611 706 674 censuit
725 610 910 689 optimeque
931 611 971 675 de
992 610 1168 697 codicibus,
1189 612 1304 691 quibus
1328 610 1454 691 priores

269 716 381 779 decem
405 714 640 793 antiquitatum
663 715 741 779 libri
765 716 984 799 continentur,
1010 714 1219 795 quaestiones
1244 717 1277 781 in
1301 717 1358 780 illo
1382 735 1455 796 pro·

270 822 372 885 oemio
402 820 613 900 disceptavit.
661 823 733 886 Hac
766 828 876 887 autem
908 841 944 885 re
976 822 1183 902 potissimum
1216 824 1257 886 ab
1291 822 1455 902 prioribus

269 927 465 1009 editoribus,
496 927 739 1012 Havercampo,
771 927 955 1011 Dindorfio,
993 928 1194 993 Immanuele
1222 929 1391 1017 Bekkero,
1422 932 1456 991 et

270 1033 400 1112 aequali
438 1032 567 1097 Nubere
606 1034 775 1117 dissentit,
813 1040 850 1097 ut
887 1033 1032 1098 codicem
1069 1035 1256 1099 Parisinum
1286 1034 1342 1098 Gr.
1369 1029 1455 1097 1421

271 1140 314 1221 (R
338 1140 359 1204 1.
386 1159 412 1204 1.
438 1139 591 1223 Regium)
617 1147 651 1205 et
675 1139 889 1204 Bodleianum
915 1139 1159 1204 miscellaneam
1185 1140 1241 1205 Gr.
1268 1137 1331 1204 186
1357 1140 1455 1221 (Oxo-

269 1246 416 1311 niensem
446 1245 486 1327 O)
521 1264 620 1327 saepe
653 1247 740 1311 inter
773 1264 808 1309 se
842 1246 1083 1329 conspiranter,
1118 1247 1203 1325 quod
1236 1250 1457 1310 correctorum

270 1352 409 1416 libidine
433 1351 539 1415 minus
564 1351 738 1432 depravati
763 1352 843 1436 sint,
874 1352 1022 1431 quamvis
1046 1370 1110 1414 111
1134 1352 1202 1415 sint
1225 1351 1456 1434 vetustissimi,

271 1458 418 1522 omnibns
447 1457 584 1537 reliquis
609 1458 777 1539 praeferat
801 1476 974 1537 eorumque
998 1457 1140 1522 virtutes
1163 1457 1286 1522 laudet.
1335 1457 1457 1521 Contra

270 1564 382 1628 Naber
405 1564 550 1628 codicem
574 1565 603 1627 R
628 1564 758 1629 vitiosis
782 1563 980 1628 lectionibus
1004 1568 1038 1626 et
1061 1563 1188 1627 lacunis
1212 1563 1369 1627 refertum
1398 1562 1457 1626 ali-

271 1670 399 1749 quoties
423 1671 595 1752 prodesse,
626 1671 682 1734 sed
710 1670 823 1735 multis
852 1669 933 1733 locis
961 1669 1026 1733 nisi
1056 1669 1192 1748 reliquis
1223 1668 1318 1733 libris
1347 1669 1458 1733 sanari

270 1796 333 1840 1111
362 1795 459 1856 posse
489 1777 656 1857 professus
686 1776 815 1840 omnino
846 1776 916 1840 iere
946 1775 1092 1840 1111111111
1116 1774 1380 1839 Vindobonensis
1406 1774 1456 1858 (S)

272 1890 305 1947 et
328 1883 474 1948 Parisini
500 1884 554 1965 (P)
580 1901 659 1961 quos
687 1882 837 1961 inprimis
867 1881 994 1961 priores
1024 1882 1130 1946 secuti
1158 1887 1249 1964 sunt,
1280 1881 1457 1945 auctorita-

270 1995 337 2053 tem
367 1994 400 2053 et
433 1990 615 2069 scripturas
647 1987 795 2053 retinuit.
843 1989 1002 2052 Attamen
1036 2006 1106 2051 cum
1140 1987 1239 2051 Niese
1272 1988 1358 2069 ipse,
1393 1987 1459 2051 etsi

271 2094 438 2159 codicibus
462 2095 567 2176 Regio
597 2101 631 2158 et
658 2093 837 2158 0111111111
865 2093 988 2173 primas
1017 2098 1129 2173 partes
1158 2092 1292 2175 tribuit,
1322 2097 1359 2156 ut
1387 2092 1458 2157 eius

272 2201 375 2282 ipsius
398 2201 510 2264 verbis
534 2205 622 2283 utar,
654 2200 813 2264 concedat
842 2218 896 2262 eos
925 2199 1057 2263 minime
1086 2198 1292 2278 incorruptos
1317 2198 1459 2279 Joseplri

271 2311 444 2374 verborum
463 2312 567 2371 testes
587 2325 659 2370 esse
679 2305 845 2384 multaque
864 2306 898 2369 11
918 2305 1055 2369 alterius
1076 2304 1206 2385 generis
1226 2305 1321 2369 libris
1341 2305 1457 2369 melius

272 2414 397 2477 tradita
422 2431 504 2495 esse,
530 2431 591 2491 quo
615 2412 684 2494 fiat,
708 2418 745 2475 ut
769 2431 1012 2494 saepenumero
1037 2416 1145 2475 utrum
1165 2411 1330 2491 Josephus
1355 2411 1457 2491 scrip-

272 2520 367 2601 serit,
406 2518 551 2582 dubitari
579 2518 685 2597 possit
714 2558 753 2564 —
783 2519 871 2582 haud
904 2519 1121 2598 spernendum
1154 2517 1234 2580 mihi
1267 2517 1373 2582 visum
1406 2522 1459 2581 est

273 2626 431 2691 eiusmodi
454 2624 550 2708 locis,
581 2624 638 2688 ubi
662 2624 851 2705 discrepent
875 2625 962 2687 inter
986 2642 1021 2687 se
1046 2623 1192 2686 codicum
1216 2623 1376 2687 lectiones
1400 2626 1458 2686 aut

273 2731 434 2797 editorum
466 2730 666 2812 sententiae,
704 2736 737 2793 et
770 2730 985 2795 observandis
1019 2736 1053 2794 et
1086 2729 1293 2793 excutiendis
1325 2746 1458 2808 operam

273 2839 365 2920 dare,
394 2844 431 2900 ut
458 2856 516 2916 pro
546 2855 618 2900 mea
647 2844 741 2916 parte
770 2838 813 2901 ad
836 2838 1017 2916 dosephum
1047 2836 1277 2916 explicandum
1310 2833 1460 2912 aliquan..

272 2945 375 3007 tulum
411 2942 586 3007 conferam.
634 2943 705 3005 Η11
739 2943 875 3007 consilio
909 2943 950 3007 ad
978 2942 1070 3006 illum
1099 2942 1292 3021 scriptorem
1320 2939 1456 3003 accessi.

272 3050 310 3114 ln
335 3048 376 3112 iis
401 3055 510 3113 autem
534 3047 769 3113 Flavianorum
797 3068 930 3129 operum
958 3047 1107 3129 partibus
1132 3047 1336 3127 potissimum
1361 3064 1457 3124 quae-

273 3154 457 3219 stiunculae
490 3160 524 3217 et
556 3154 804 3219 observationes
833 3173 924 3218 meae
954 3158 1143 3237 versantur,
1178 3171 1312 3233 quarum
1345 3155 1458 3217 textus

272 3261 376 3325 denuo
408 3260 548 3324 collatus
577 3261 682 3324 adhuc
710 3266 843 3325 nostrae
872 3260 993 3324 aetatis
1022 3260 1250 3324 voluntatibus
1278 3259 1376 3338 plane
1404 3275 1457 3321 ac-

272 3367 493 3430 commodatus
518 3374 578 3430 est.
626 3367 676 3429 nc
704 3367 811 3447 priore
837 3366 967 3446 quidem
997 3367 1107 3446 capite
1130 3366 1287 3431 librorum
1311 3363 1458 3428 ordinem

272 3491 411 3551 sequens
435 3472 475 3536 de
500 3472 626 3551 aliquot
650 3473 744 3557 locis,
775 3474 815 3537 de
846 3473 962 3551 quibus
992 3473 1092 3536 etiam
1121 3490 1206 3536 nunc
1231 3473 1458 3536 1111111111-

270 3577 411 3660 versiae,
437 3578 605 3642 disseram.
655 3579 719 3641 Sed
744 3597 815 3642 cum
840 3578 931 3642 dubii
955 3578 1019 3641 loci
1047 3598 1111 3642 nou
1135 3578 1263 3657 possint
1285 3575 1459 3640 ¹enucleari

271 3690 328 3747 aut
353 3683 473 3764 corrigi
497 3683 561 3746 nisi
586 3684 658 3762 quis
682 3684 789 3748 omnia
814 3684 973 3767 exempla,
999 3684 1032 3748 in
1057 3683 1174 3763 quibus
1198 3687 1363 3747 structura
1387 3680 1459 3744 illic

271 3790 384 3854 audita
408 3795 569 3872 recurret,
602 3789 897 3872 pervestigarerit,
932 3790 1004 3870 ipsa
1035 3789 1143 3870 operis
1172 3789 1246 3869 lege
1274 3808 1311 3852 11
1341 3788 1458 3852 ductus

272 3915 356 3977 sum,
383 3900 420 3958 ut
443 3896 674 3975 grammaticas
700 3897 857 3975 quasdam
882 3915 934 3960 res
958 3915 1017 3975 per
1041 3902 1146 3960 totum
1166 3894 1278 3959 Flauii
1301 3893 1459 3958 librorum

272 4001 434 4080 quandum
450 4019 565 4081 eorpus
585 4021 799 4082 persequerer
819 4009 853 4066 et
872 4004 914 4065 ad
934 4007 1058 4066 certam
1076 4000 1238 4065 rationem
1257 4017 1458 4064 revocarem.

271 4108 388 4185 ltaque
421 4108 562 4171 secundo
592 4108 701 4188 capite
730 4109 910 4190 includam,
946 4126 1028 4186 quae
1057 4108 1097 4170 de
1126 4105 1292 4171 nonnullis
1326 4110 1457 4170 senten-

270 4213 390 4277 tiarum
424 4212 669 4278 subiunctarum
702 4214 877 4294 generibus
907 4212 1132 4277 memorabilia
1160 4211 1241 4276 mihi
1268 4211 1342 4275 visa
1371 4216 1456 4274 sunt.

271 4318 325 4382 Sic
349 4323 458 4384 autem
483 4326 614 4384 coactus
638 4339 703 4383 1111
727 4321 820 4384 modo
846 4338 910 4401 eos,
936 4338 1015 4398 quos
1036 4318 1135 4382 Niese
1160 4323 1193 4382 et
1217 4318 1328 4381 Nabar
1352 4316 1458 4380 adhuc

269 4424 456 4509 ediderunt,
498 4427 555 4491 sed
594 4425 695 4490 etiam
733 4430 861 4489 ceteros
897 4424 1078 4489 Flavianos
1111 4423 1213 4488 libros
1250 4423 1456 4488 observando
