3240 5170
719 278 936 350 ,18β

237 470 407 560 Κόρινθος
430 476 470 560 ἦν
490 474 645 558 Ἡρώδου
674 475 917 557 σωματοφύλαξ
944 481 1001 539 τοῦ
1029 475 1187 557 βασιλέως
1209 471 1345 553 μάλιστα
1368 494 1420 532 πι-

238 584 430 665 στευόμενος
452 584 510 646 ὑπ’
542 583 651 646 αὐτοῦ.
681 618 722 627 -
760 580 872 664 XVII,
898 576 976 644 273:
1000 580 1062 644 Ἠν
1084 582 1139 644 καὶ
1162 577 1279 659 Σίμων
1304 575 1422 644 δοῦλος

177 708 180 711 ’
237 690 299 772 μὲν
319 688 474 771 Ἡρώδου
497 695 554 752 τοῦ
578 681 737 771 βασιλέως
755 689 861 758 ἄλλως
881 688 916 751 δὲ
935 688 1017 770 ἀνὴρ
1038 688 1200 770 εὐπρεπὴς
1219 687 1273 752 καλ
1290 687 1422 769 μεγέθει

238 795 293 859 καὶ
316 795 413 877 ῥώμη
443 795 494 856 ἐπὶ
521 796 605 876 μέγα
633 797 792 877 προῦχων
820 818 852 856 τε
879 794 935 856 καλ
961 796 1219 876 πεπιστευμένος.
1265 792 1338 857 Hoc
1366 810 1422 855 ex-

237 904 341 964 tremo
365 899 436 963 loco
461 899 664 983 scriptorem,
690 899 806 978 quibus
830 898 939 964 causis
962 897 1022 962 ille
1042 898 1243 964 existimatio
1264 903 1422 981 oreretur,

238 1024 326 1071 mero
355 1004 468 1070 dativo
496 1003 702 1086 significasse
734 1005 953 1070 confirmatur.
1005 1004 1290 1085 Supervaceneum
1318 1003 1424 1085 igitur

238 1111 319 1177 mihi
343 1111 488 1196 videtur,
520 1111 605 1191 quod
628 1109 727 1176 Niese
755 1115 918 1191 expuncto
942 1112 1043 1176 verbo
1074 1113 1250 1195 διαφέρειν,
1278 1110 1313 1175 id
1336 1109 1423 1189 quod

238 1218 337 1284 valde
373 1220 490 1300 probo,
528 1216 654 1281 trudito
690 1218 793 1282 verbo
830 1216 1055 1281 additamento
1088 1216 1343 1298 praepositionis
1372 1218 1427 1280 ἐπί

239 1323 434 1405 corrigenda
458 1342 530 1388 esse
554 1321 692 1388 censuit.
730 1321 891 1386 Similiter
914 1322 1057 1406 dativus
1081 1327 1118 1387 ut
1137 1342 1269 1388 causam
1287 1322 1423 1407 indicet,

239 1430 445 1494 adverbum
471 1431 676 1493 πιστεύεσθαι
710 1446 789 1493 sane
822 1428 976 1508 primerio
1006 1448 1103 1494 sensu
1133 1429 1339 1495 intellectum
1366 1448 1424 1509 po-

239 1535 343 1600 nitur:
368 1535 409 1599 A.
426 1534 538 1619 XVII,
554 1531 633 1598 226:
657 1535 744 1618 Δόξη
771 1534 950 1618 δεινότητος
973 1543 1029 1619 τῆς
1052 1538 1125 1618 περὶ
1144 1536 1242 1600 αὐτὸν
1256 1537 1313 1619 τὴν
1331 1538 1423 1618 βασι-

240 1644 326 1706 λείαν
349 1644 606 1724 πεπιστευμένος.
628 1677 668 1685 -
694 1640 806 1721 XVII,
823 1637 901 1706 llO:
924 1646 1143 1724 μισοπονηρίᾳ
1166 1649 1203 1725 τῇ
1222 1644 1294 1705 κατ’
1315 1642 1424 1705 αὐτῶν

155 1812 163 1827 ‚
240 1751 432 1831 φιλοπάτωρ
457 1746 535 1811 εἶναι
557 1750 815 1829 πεπιστευμένος.
1131 1816 1134 1820 ,

330 1857 391 1941 Vl,
416 1855 470 1923 19.
513 1853 554 1917 Ὁ
580 1855 752 1935 προφήτης
774 1853 973 1936 Σαμούηλος
1001 1852 1092 1934 ὁρῶν
1119 1853 1227 1916 αὐτῶν
1256 1854 1313 1936 τὴν
1340 1878 1424 1935 προ-

131 1993 136 1999 -
240 1961 377 2043 θυμίαν,
416 1961 463 2031 ῶς
500 1961 652 2042 εὔκαιρον
690 1958 880 2041 (secundum
916 1958 1087 2039 vulgatam
1123 1957 1313 2041 lectionem)
1341 1960 1426 2041 πρὸς

241 2069 347 2137 οὕτως
380 2068 513 2148 ἔχοντας
545 2067 642 2128 εἰπεῖν
674 2064 747 2147 περὶ
782 2066 965 2147 ἐλευθερίας
990 2101 1031 2109 -
1056 2071 1170 2148 χρῆται
1202 2065 1318 2146 λόγοις.
1370 2064 1426 2128 Ad

238 2171 436 2251 particulam
460 2173 520 2243 ὡς,
549 2189 620 2234 cum
643 2171 706 2234 hac
729 2169 847 2235 vocula
871 2187 924 2252 ec,
954 2187 1037 2249 quae
1061 2173 1256 2251 sequuntur,
1281 2169 1427 2249 aliquam

239 2296 372 2343 causam
395 2276 514 2357 prioris
538 2275 724 2341 sententiae
748 2274 865 2340 afferre
884 2276 1088 2360 ostendetur,
1112 2275 1237 2341 formae
1256 2275 1427 2356 participii

240 2387 289 2449 ὥν
319 2383 485 2449 interdum
517 2381 756 2446 desiderantur.
807 2382 858 2445 De
891 2381 953 2446 hoc
976 2400 1036 2446 usu
1060 2380 1249 2462 conspirare
1272 2380 1428 2446 Flavium

242 2507 313 2554 cum
337 2489 464 2554 Atticis
487 2487 688 2568 perspicitur
711 2505 753 2552 ex
776 2487 951 2552 Kuehnero
975 2488 1021 2570 ll,
1043 2484 1063 2550 2
1087 2485 1182 2570 §491
1209 2489 1254 2570 (p.
1272 2483 1336 2551 658
1351 2489 1427 2568 sq.).

241 2595 414 2677 Legtmtur
437 2599 559 2660 autem:
584 2593 626 2658 A.
652 2593 710 2676 VI,
726 2590 782 2658 36:
800 2593 936 2678 Ἥττητο
956 2631 996 2639 -
1018 2596 1132 2665 δεινῶς
1154 2602 1210 2678 τῆς
1233 2596 1427 2676 ἀριστοκρα-

242 2705 309 2786 τίας
333 2703 379 2773 ῶς
403 2703 494 2772 θείας
517 2702 583 2765 καὶ.
594 2703 778 2783 μακαρίους
800 2702 967 2784 ποιούσης.
997 2737 1037 2744 -
1072 2699 1133 2784 IX,
1159 2696 1237 2763 226:
1258 2700 1429 2764 Ἐκέλευον

243 2810 357 2882 ἐξιέναι
381 2816 438 2891 τῆς
460 2809 587 2899 πόλεως
611 2808 658 2877 ὡς
681 2808 788 2889 ἐναγῆ,
835 2805 953 2885 Itaque
982 2809 1034 2870 esi
1062 2825 1119 2870 cur
1142 2806 1328 2871 dubitemus
1351 2824 1429 2870 num

243 2918 333 2978 recte
367 2913 467 2978 Niese
499 2913 593 2976 illum
626 2911 827 2992 superiorem
858 2911 965 2976 locum
996 2911 1049 2976 his
1082 2911 1236 2977 similiter
1267 2917 1429 2977 structum

243 3017 436 3101 mutaverit,
475 3037 547 3082 cum
590 3023 665 3099 post
702 3016 971 3097 compositionem
1008 3019 1056 3089 ὡς
1091 3022 1243 3102 εὔκαιρον
1279 3017 1429 3083 neutrius

244 3126 382 3190 formam
406 3126 444 3188 ὅν
467 3124 641 3205 repetierit
665 3162 705 3170 —
731 3121 831 3187 focile
855 3140 934 3187 saue
959 3124 1140 3189 coniectum
1164 3130 1198 3188 ct
1221 3129 1340 3189 nature
1363 3122 1429 3187 loci

242 3231 347 3312 ipsius
370 3229 530 3314 oblatam,
556 3231 615 3295 sed
638 3230 667 3294 si
690 3230 733 3295 ed
756 3229 939 3311 praemissa
962 3232 1113 3311 exempla
1136 3233 1282 3314 spectes,
1312 3229 1429 3309 quibus

242 3335 454 3417 perticipium
477 3337 580 3420 deest,
604 3336 662 3400 vix
684 3337 914 3402 necessariam.

335 3446 396 3522 VI,
421 3444 494 3513 152.
532 3444 683 3515 Σάουλος
708 3446 743 3508 δὲ
761 3452 931 3528 κατασχεῖν
945 3443 1145 3527 βουλόμενος
1159 3441 1214 3506 τὸν
1229 3442 1430 3526 Σαμούηλον

245 3551 474 3632 ἐλλαμβάνεται
488 3558 545 3634 τῆς
559 3551 733 3621 διπλοΐδος.
775 3551 919 3615 Verbum
934 3546 1148 3628 compositum
1162 3547 1429 3630 ἐλλαμβάνεσθαι,

244 3655 330 3734 qnod
353 3654 387 3719 in
412 3654 567 3719 codiccO
592 3661 780 3721 correctura
804 3676 845 3721 cx
864 3658 1074 3738 ἑλάμβανεται
1089 3652 1289 3736 restitutum,
1314 3652 1430 3717 eadem

243 3760 300 3826 via
323 3760 358 3825 in
383 3760 404 3825 S
428 3760 462 3824 iu
487 3764 733 3847 ἐπιλαμβάνεται
757 3780 949 3826 conversum
973 3764 1038 3843 est,
1068 3759 1213 3840 spurium
1236 3757 1336 3823 Niese
1360 3757 1430 3838 opi-

244 3871 351 3950 netur,
376 3871 413 3930 ut
435 3886 493 3947 pro
518 3886 555 3933 ec
580 3868 721 3948 simplex
744 3870 880 3933 verbum
903 3870 1096 3950 λαμβάνεται
1111 3865 1234 3929 laudet.
1271 3863 1343 3928 Hoc
1357 3863 1430 3927 loco

245 3975 502 4056 ε’λλαμβάνεσθαι
530 3972 650 4038 Flavio
683 3974 740 4039 vix
773 3971 1046 4056 abiudicaverim‚
1081 3971 1266 4037 cumidem
1294 3971 1431 4034 verbum

245 4079 358 4143 eodem
383 4097 481 4144 sensu
504 4078 686 4143 identidem
709 4078 912 4144 inveniatur:
941 4079 982 4145 A.
1003 4079 1085 4163 Vll,
1110 4075 1166 4142 12:
1197 4077 1351 4141 Σπῶνται
1373 4076 1432 4146 τὰς

245 4187 409 4269 μαχαίρας
445 4188 501 4249 καλ
542 4192 607 4248 τῶν
648 4187 802 4269 κεφαλῶν
844 4188 1052 4269 ἐλλαβόμενοι
1088 4187 1276 4267 κατέχοντες
1312 4180 1433 4253 αὖτοὺς

246 4294 368 4356 ἔπαιον.
385 4328 425 4336 -
447 4290 524 4374 VII,
536 4287 615 4354 361:
638 4292 710 4356 Τῶν
724 4300 781 4356 τοῦ
796 4294 1028 4376 θυσιαστηρίου
1043 4293 1191 4375 κεράτων
1204 4326 1245 4333 -
1257 4288 1432 4370 ἐλλαβόμε-

246 4421 302 4468 νος
327 4399 485 4480 ὁηλοῦται.
512 4433 552 4440 -
578 4396 639 4481 ΙΧ,
666 4395 743 4463 152:
764 4399 992 4481 Ἐλλαβόμενοι
1015 4406 1071 4481 τῆς
1091 4397 1225 4465 Ὀθλίας
1241 4430 1281 4440 -
1297 4396 1432 4477 ἤγαγον.
