3240 5170
635 419 850 485 ἡρι..

188 584 198 599 α
242 613 309 692 ΙΧ,
335 611 391 679 30.
435 609 475 672 Ὁ
500 611 528 672 d’
556 612 595 672 οὐ
619 613 722 693 μόνον
746 613 842 682 αὐτὸς
865 614 1042 696 βοηθήσειν
1068 614 1231 695 ὑπέσχετο,
1256 614 1335 677 ἀλλὰ

150 718 210 779 καί
247 716 301 780 τὸν
328 716 522 799 Ἰδουμαίων
558 718 688 798 βασιλέα
727 721 979 801 συναναγκάσειν
1015 719 1091 781 ὄντα
1124 720 1182 800 ὑφ’
1222 720 1336 782 ἑαυτόν

151 823 458 905 συστρατεύσασθαι.
504 822 613 886 Krcbs
642 822 926 905 (Wochenschrift
953 823 976 888 f.
1001 823 1047 887 kl.
1072 820 1159 886 Phil.
1184 822 1205 887 l.
1232 825 1273 905 c.)
1302 822 1336 887 in

150 927 343 993 accusativo
375 928 515 992 haerens
548 928 750 1009 argumentis
784 947 824 993 ex
858 929 1010 1010 Appiano
1043 928 1159 1009 petitis
1188 927 1337 993 dativum

150 1033 317 1099 laudavit:
341 1036 399 1117 ὑφ’
425 1038 539 1116 ἑαυτῷ.
588 1032 714 1098 Oitavit
738 1033 836 1098 enim:
866 1036 952 1115 App.
977 1035 1015 1098 Β.
1041 1034 1075 1098 C.
1100 1032 1131 1117 4,
1150 1032 1199 1098 40
1223 1036 1335 1116 ἐστρά-

149 1166 243 1204 τευτο
268 1141 328 1223 γὰρ
353 1143 408 1203 ὑπ’
434 1143 524 1223 αὐτῷ
546 1165 624 1204 ποτε
647 1143 681 1204 ἐν
704 1142 811 1223 Συρίᾳ
835 1140 898 1222 (ed.
915 1140 1118 1222 Mendelss).
1145 1178 1185 1184 —
1215 1137 1246 1222 4,
1272 1137 1336 1203 137
1444 1188 1453 1205 ,

150 1247 219 1310 ὑπὸ
244 1249 387 1319 συντάξει
410 1248 556 1330 πολιτικῇ
581 1250 874 1331 στρατευσαμένων.
896 1285 936 1292 -
962 1245 1036 1310 Lib.
1053 1242 1095 1308 66
1110 1247 1147 1319 τὰ
1163 1248 1220 1309 ὕπ’
1247 1249 1337 1329 αὐτῷ

150 1354 361 1433 στρατόπεδα.
414 1351 535 1415 Contra
564 1334 770 1433 grammatici
798 1358 930 1416 monent
957 1357 1033 1432 post
1060 1350 1337 1432 praepositionem

149 1460 218 1521 ὑπό
243 1477 328 1540 eum,
359 1457 450 1521 cuius
478 1457 512 1521 in
541 1457 669 1522 dicione
698 1458 818 1537 aliquis
846 1457 905 1540 sit,
934 1476 998 1521 non
1023 1459 1116 1522 modo
1141 1456 1253 1522 dativo
1278 1457 1336 1521 sed

150 1562 255 1628 etiam
278 1562 467 1627 accusativo
492 1562 682 1643 significari.
722 1562 813 1627 Conf.
838 1564 967 1628 Kuehn.
992 1563 1037 1646 ΙΙ,
1063 1559 1080 1625 1
1107 1560 1218 1646 ξ442,
1243 1562 1279 1627 Π
1303 1568 1337 1628 et

151 1668 218 1752 111,
234 1666 253 1731 3
279 1670 324 1751 (p.
340 1665 405 1731 454
421 1670 494 1752 su),
519 1669 642 1750 Krueg.
669 1672 686 1752 ξ
702 1667 754 1753 68,
778 1667 820 1732 44
837 1674 871 1733 et
885 1667 928 1732 45
953 1688 1027 1733 ann.
1048 1666 1068 1732 2
1093 1671 1137 1751 (p.
1154 1665 1229 1751 324,
1246 1665 1335 1752 325).

150 1774 227 1839 Non
251 1774 354 1856 igitur
377 1794 448 1839 cum
472 1773 513 1840 iis
532 1779 661 1839 tantum
675 1774 796 1859 verbis
821 1794 904 1855 quae
918 1780 1041 1839 motum
1059 1774 1218 1859 indicant,
1243 1793 1337 1839 accu-

151 1881 281 1945 sativus
306 1880 454 1961 componi
477 1886 602 1965 potest,
632 1882 691 1945 sed
719 1880 820 1945 etiam
844 1900 915 1945 cum
939 1881 995 1965 iia,
1026 1881 1143 1961 quibus
1171 1881 1223 1945 vis
1247 1884 1337 1944 tran·

152 1986 277 2066 quiliae
306 1986 507 2051 condicionis
535 1987 632 2051 inest.
664 1987 841 2070 (Kruegem
869 1991 934 2051 ὑπό
965 2007 1035 2052 cum
1063 1985 1253 2052 accusativo
1281 1987 1337 2050 be-

151 2093 306 2158 zeichnet
330 2092 383 2157 ein
407 2076 609 2157 Erstreciren
633 2093 691 2156 der
716 2092 848 2157 Gewalt
870 2093 925 2157 bei
948 2092 1115 2175 Begriffen
1140 2093 1198 2157 der
1216 2092 1336 2174 Ruhe).

153 2198 235 2263 Cum
267 2199 329 2262 hac
362 2199 436 2279 lege
468 2198 683 2280 grammatica
715 2198 826 2279 plnres
854 2198 918 2262 loci
942 2198 1098 2264 Flauiani
1128 2198 1337 2281 concordant,

152 2323 234 2383 qnos
269 2322 380 2367 omnes
421 2304 585 2385 corrigere
622 2304 766 2369 editores
796 2323 917 2368 summo
947 2304 1017 2369 iure
1052 2304 1154 2369 veriti
1193 2308 1269 2368 sunt
1304 2309 1338 2367 et

153 2430 196 2474 ex
230 2409 271 2475 iis
304 2428 401 2474 unum
433 2428 473 2473 ne
507 2410 615 2475 Krebs
649 2410 778 2493 quidem
814 2414 951 2491 tangere
987 2411 1110 2475 debuit.
1166 2410 1338 2491 Leguntur

154 2515 255 2580 enim:
284 2516 325 2580 Α.
350 2515 399 2597 ΙΙ,
425 2512 489 2579 329
517 2517 581 2579 ὑπὸ
610 2524 675 2586 τοῖς
699 2518 831 2599 ε’χιλροῖς
855 2517 1028 2599 γενόμενοι.
1059 2556 1099 2563 -
1138 2516 1221 2600 ΧΠ,
1248 2512 1278 2600 1,
1304 2513 1337 2579 1;

154 2622 220 2685 ὑπὸ
235 2622 428 2704 Πτολεμαίῳ
453 2623 609 2704 γενέσθαι,
634 2621 721 2686 idem
736 2621 774 2686 B.
790 2622 824 2686 J.
840 2622 885 2705 Π,
900 2619 929 2705 6,
947 2620 966 2685 3
994 2624 1069 2706 (μεν.
1083 2624 1147 2686 ὑπὸ
1162 2623 1280 2706 τούτῳ)
1296 2661 1336 2668 -

156 2733 286 2792 contra:
312 2729 352 2792 A.
378 2727 477 2811 VIII,
503 2724 545 2791 36
577 2727 797 2807 praecedente
829 2729 864 2791 τὸ
896 2730 1008 2809 πεδίον
1037 2728 1076 2811 ἦν
1104 2730 1168 2792 ὑπὸ
1196 2731 1336 2812 Βαναίᾳ·

155 2835 262 2904 πόλεις
286 2836 442 2917 ἑξήκοντα
470 2835 610 2917 μεγάλας
638 2835 693 2897 καὶ
716 2836 923 2917 ὀχυρωτάτας
952 2837 1038 2917 ἔχων
1061 2836 1119 2917 ὑφ’
1150 2837 1247 2899 αὐτόν
1270 2835 1304 2897 Γ
1300 2860 1337 2898 α-

155 2942 261 3023 βάρης
286 2942 410 3004 διεῖπεν.
457 2939 495 3003 Β.
512 2939 544 3003 J.
565 2939 610 3022 Π,
628 2936 679 3022 16,
694 2936 729 3003 4;
753 2939 973 3031 Παραβαίνειν
997 2943 1135 3024 οἰήσεται
1158 2942 1214 3013 τὰς
1238 2966 1337 3005 σπον-

157 3046 216 3116 δὰς
249 3048 311 3109 κάν
343 3071 387 3117 τις
419 3052 484 3108 τῶν
517 3049 572 3109 ὑπ’
608 3047 705 3110 αὐτὸν
738 3047 788 3109 ε’πὶ
808 3046 989 3128 Ῥωμαίους
1022 3049 1062 3129 ἴῃ.
1110 3046 1203 3127 Quod
1226 3047 1337 3127 paullo

155 3149 243 3214 infra
268 3147 334 3233 (17,
351 3148 398 3234 9);
422 3151 510 3215 redit
533 3153 608 3222 τοὺς
631 3155 686 3215 ὑπ’
713 3152 810 3215 αὐτὸν
833 3153 1002 3234 ἡγεμόνας.
1028 3189 1068 3196 -
1095 3150 1159 3215 Sed
1183 3151 1263 3216 licei
1286 3151 1338 3216 his

155 3258 280 3343 duobus
309 3243 391 3321 locis
425 3276 465 3321 ex
489 3257 583 3321 Bello
609 3257 749 3322 Judaico
783 3256 896 3321 allatis
921 3255 1130 3320 accusativus
1164 3275 1204 3320 ex
1228 3258 1337 3322 studio

154 3359 266 3427 hiatus
300 3362 448 3427 evitandi
480 3362 648 3443 profectus
681 3362 739 3446 sit,
773 3368 883 3426 tamen
917 3362 1030 3426 eadem
1059 3380 1158 3425 causa
1182 3362 1278 3427 irrita
1301 3363 1339 3428 fit

155 3469 221 3533 alio
255 3469 419 3549 exemplo:
453 3471 493 3534 A.
518 3470 579 3554 IX,
605 3466 682 3534 ⁸236:
715 3469 775 3539 Εἰς
806 3469 864 3551 τὴν
887 3471 942 3532 ὑπ’
978 3468 1075 3531 αὐτὸν
1098 3471 1211 3551 χώραν
1235 3472 1340 3534 ε’κάλει

155 3576 211 3639 τὸν
234 3577 320 3639 λαόν.

246 3686 312 3764 ΙΧ,
335 3683 413 3750 180.
455 3682 535 3745 Ood’
563 3684 652 3764 αὐτῷ
675 3684 781 3745 τοίνυν
806 3684 872 3764 ζῆν
889 3683 931 3742 ἔτι
955 3682 1097 3763 ἀσφαλές
1122 3682 1235 3763 ἔλεγεν,
1260 3684 1338 3745 ἀλλὰ

156 3789 266 3858 καλῶς
299 3791 381 3871 ἔχειν
414 3792 616 3870 συνεξορμᾶν
649 3789 738 3869 αὐτῷ
767 3789 822 3850 καὶ
846 3790 1051 3869 συναπαίρειν
1074 3793 1130 3849 τοῦ
1155 3789 1237 3869 βίου.
1285 3788 1340 3851 Sic

155 3893 267 3956 Naber
289 3895 392 3957 verba
420 3893 539 3967 edidit,
573 3892 672 3957 Niese
705 3911 746 3956 ex
779 3891 945 3956 codicibus
970 3892 1029 3956 ΒΟ
1063 3892 1340 3972 praepositionem

155 4002 191 4063 ἐκ
217 4003 294 4062 ante
318 4006 374 4062 τοῦ
398 4002 471 4082 βίου
496 3999 638 4064 addidit:
666 3998 701 4062 hi
726 3998 855 4062 codices
879 3997 933 4062 hio
958 4016 1083 4077 quoque
1108 3997 1249 4077 Josephi
1274 3999 1339 4062 elo·

156 4104 318 4170 cntionem
347 4104 463 4170 melius
491 4124 642 4170 servasse
674 4104 830 4169 videntur
858 4103 978 4185 quippe
1007 4104 1062 4184 qni
1091 4102 1125 4167 in
1154 4103 1255 4167 Vitae
1284 4124 1340 4183 pa-

156 4229 244 4290 ragr.
270 4207 332 4274 101
358 4211 477 4275 iterum
500 4210 686 4290 scripserit:
712 4213 836 4293 ἀπῆρεν
859 4211 895 4272 ἐκ
919 4217 975 4292 τῆς
1001 4210 1196 4292 Τιβεριάδος.

245 4318 409 4396 lX‚182.
456 4317 563 4397 Vulgo
587 4317 723 4398 legitur:
748 4317 844 4398 Ἀνὴρ
874 4316 924 4378 ἒπί
954 4316 1139 4399 δικαιοσύνῃ
1171 4317 1341 4398 διαβόητος

157 4424 211 4484 καὶ
239 4430 390 4506 φανερῶς
415 4424 632 4492 σπουδασθεὶς
665 4423 729 4486 ὑπὸ
762 4429 820 4485 τοῦ
852 4423 943 4484 θεοῦ.
990 4420 1054 4482 Pro
1085 4422 1257 4504 διαβόητος
1281 4420 1340 4484 RO

156 4527 332 4595 lectionem
361 4530 546 4613 διαβοηθείς
573 4530 748 4612 praebent,
784 4546 879 4608 quam
906 4524 1081 4609 genuinam
1113 4543 1185 4591 esse
1214 4545 1342 4611 censeo,
