3240 5170
656 354 872 447 .,11,,

262 555 344 632 VII,
368 552 422 622 31.
468 550 582 620 Δείσας
604 550 650 633 μὴ
675 548 730 613 τὸν
752 549 813 631 μὲν
836 551 870 613 ἐν
894 557 968 633 τιμῇ
991 550 1046 613 καὶ
1069 554 1107 633 τῇ
1129 549 1243 633 πρώτη
1267 550 1353 622 τάξει

170 659 341 742 ποιήσηται
365 695 406 702 -
436 657 532 726 αὐτὸς
567 658 596 720 δ’
627 656 829 739 ἐλαττωθείη.
881 654 947 718 Pro
979 658 1162 738 ποιήσηται,
1201 655 1286 734 quod
1318 655 1353 718 in

171 763 317 829 editione
354 761 502 844 principe
539 780 598 841 pro
634 764 798 843 ποιήσασι
835 758 982 825 codicum
1019 767 1201 826 correctum
1232 767 1352 845 exstat,

171 869 272 935 Niese
294 873 436 957 ποιήσειε
458 866 638 948 proposuit.
675 865 753 931 Cum
772 867 945 932 verborum
970 867 1192 946 complexione
1217 871 1251 932 ἕν
1269 876 1353 952 τιμῇ,

171 979 206 1042 ἓν
229 979 314 1051 τάξει
336 975 498 1039 ποιεῖσθαι
527 977 771 1056 componantur,
800 991 882 1052 quae
910 971 1017 1037 lexica
1044 975 1205 1054 praebent
1232 976 1266 1037 ἐν
1289 976 1353 1038 ὀλι-

172 1085 277 1166 γωρίᾳ
302 1120 341 1128 -
368 1084 401 1146 ἐν
424 1082 506 1164 ὀργῇ
529 1081 691 1143 ποιεῖσθαι
715 1084 749 1144 11
772 1078 840 1143 alia
862 1078 897 1143 id
920 1098 1034 1163 genus,
1059 1098 1141 1159 quae
1155 1079 1297 1144 medium
1319 1079 1353 1145 in

170 1189 234 1253 hac
265 1187 420 1253 dictionis
448 1185 553 1250 forma
580 1184 613 1249 111
641 1203 702 1249 usu
719 1183 832 1279 ¹fuisse
860 1185 1049 1249 testimonio
1077 1185 1154 1250 sint.
1201 1185 1355 1250 Flavium

172 1300 282 1359 autem
305 1293 391 1358 siout
413 1290 447 1356 in
472 1290 647 1356 sententiis
675 1310 716 1356 111
744 1290 855 1355 verbis
884 1290 1022 1355 timendi
1046 1290 1265 1371 pendentibus
1289 1293 1354 1357 elo-

172 1399 303 1465 cutione
327 1399 369 1464 ad
392 1396 640 1480 grammaticam
667 1416 814 1462 normam
844 1395 971 1460 directa
994 1397 1087 1461 modo
1112 1397 1354 1463 coniunctivum

173 1507 279 1589 (velut
302 1505 343 1570 A.
368 1504 400 1588 Ι,
425 1501 499 1568 162.
530 1502 580 1587 11,
607 1500 680 1568 120.
706 1501 768 1587 vi,
793 1499 868 1566 245.
893 1501 956 1584 VI,
982 1499 1056 1567 323.
1082 1503 1162 1588 VH,
1187 1501 1231 1569 82
1256 1505 1353 1588 [λογί-

173 1613 285 1686 ζεσθαι
309 1628 435 1690 qnoque
459 1607 545 1674 enim
575 1609 609 1673 in
637 1608 796 1674 eiusmodi
819 1607 931 1673 verbis
954 1614 1144 1675 numeratur
1166 1610 1293 1691 pariter
1316 1628 1353 1674 ac

172 1717 250 1802 VII,
275 1714 353 1801 155]
378 1716 455 1798 VII,
476 1712 550 1780 139.
571 1714 632 1799 IX,
652 1711 708 1798 70)
732 1715 826 1779 modo
851 1713 1036 1795 optativum
1058 1716 1250 1795 praeteritis
1273 1721 1354 1780 tem-

171 1822 306 1903 poribus
329 1821 490 1887 inolusum
514 1821 613 1903 (conf.
638 1822 679 1885 A.
704 1820 780 1905 VH,
797 1817 853 1885 36:
880 1821 1014 1903 Τελευτᾷ
1034 1858 1074 1865 -
1095 1823 1288 1906 Ἀβεννῆρος
1312 1859 1353 1867 -

173 1930 375 2012 ἐνεδρευθεὶς
397 1929 462 1993 ὑπὸ
482 1928 621 2013 Ἰωάβου
647 1965 687 1972 —·
715 1929 877 1997 δείσαντος
897 1927 1002 2009 -μὴ
1028 1930 1152 1992 τούτων
1174 1930 1235 2012 μὲν
1258 1930 1354 2001 αὐτὸς

174 2036 381 2118 ἀφαιρεθείη,
414 2037 508 2119 λάβοι
541 2035 577 2098 δέ
600 2036 665 2098 κτλ.
700 2072 740 2079 —
774 2032 816 2096 A.
841 2031 922 2115 VH,
948 2028 1026 2096 202:
1056 2034 1188 2098 Ἐδεδίει
1221 2035 1283 2118 γάρ
1306 2035 1352 2119 μὴ

172 2143 319 2205 τάναντία
348 2141 582 2224 συμβουλεύων
612 2143 745 2204 πείσειεν
768 2140 846 2220 κτλ.)
882 2138 1067 2233 admiserit,
1102 2138 1224 2205 ibidem
1256 2139 1355 2221 idque

173 2245 293 2310 inuno
322 2246 499 2324 eodemque
532 2246 701 2310 enuntiato
730 2245 842 2309 modos
869 2242 1059 2310 confudisse
1092 2245 1291 2326 perspicitur
1315 2265 1355 2311 ex

174 2353 215 2417 A.
232 2352 278 2436 II,
291 2349 369 2416 219:
387 2353 515 2416 Ἔπειτα
541 2354 575 2416 δὲ
600 2354 706 2422 δείσας
725 2353 917 2434 Ἀμαράμης
940 2351 985 2433 μὴ
1012 2354 1211 2436 κατάφωρος
1230 2356 1355 2435 γένηται

173 2460 228 2522 καὶ
252 2496 292 2503 -
322 2459 418 2528 αὐτός
441 2461 468 2521 τ’
499 2460 654 2542 ἀπόληται
681 2457 761 2540 μετὰ
789 2464 845 2520 τοῦ
875 2458 1005 2520 παιδίου
1034 2459 1089 2521 καὶ
1111 2466 1168 2522 τοῦ
1192 2461 1273 2523 θεοῦ
1297 2461 1355 2542 τὴν

173 2565 361 2646 ἐπαγγελίαν
389 2565 585 2646 ἀφανίσειεν,
614 2567 707 2646 ἔγνω.
754 2563 819 2627 Hic
850 2562 938 2627 idem
969 2563 1076 2647 101111,
1106 2583 1167 2642 quo
1200 2565 1355 2646 ἀπόληται

173 2688 214 2734 ex
239 2669 385 2734 codicum
409 2674 561 2750 corrupto
586 2671 746 2733 ἀπολεῖται
769 2667 914 2733 Dindors
934 2668 1097 2752 restituit,
1122 2688 1218 2748 quam
1241 2688 1356 2750 pamm

172 2773 352 2856 diligenter
378 2773 413 2838 in
441 2774 535 2840 libris
563 2773 796 2854 manuscriptis
825 2774 1026 2840 coniunctivi
1054 2775 1171 2840 aoristi
1195 2781 1229 2840 et
1252 2775 1355 2840 futuri

171 2879 297 2945 formae
321 2880 500 2945 distinctae
524 2880 601 2963 sint,
626 2879 769 2960 exempli
791 2879 898 2943 instar
922 2882 1056 2947 evincit.

263 2990 366 3065 vill.
389 2987 465 3055 195.
512 2986 588 3069 Πρὸ
615 2989 739 3050 τούτων
767 2988 920 3069 ἁμαρτεῖν
948 2989 1046 3052 αὐτὸν
1074 2993 1164 3075 ἔτυχε
1192 2996 1246 3058 καὶ
1270 3021 1353 3079 σφα-

173 3094 265 3176 λῆναι
287 3094 361 3176 περὶ
383 3093 440 3174 τὴν
464 3094 614 3176 φυλακὴν
636 3099 702 3155 τῶν
725 3095 876 3175 νομίμων
900 3095 950 3157 ὅτε
973 3096 1010 3157 τά
1034 3102 1099 3159 τῶν
1117 3100 1249 3180 χαλκῶν
1263 3104 1354 3184 βοῶν

175 3200 366 3281 ὁμοιώματα
390 3200 603 3263 κατεσκεύασε
625 3205 691 3262 τῶν
714 3198 778 3261 ὑπὸ
801 3206 839 3281 τῇ
862 3201 1003 3284 θαλάττῃ
1027 3212 1075 3284 τῷ
1098 3206 1282 3289 ἀναθήματι
1300 3212 1355 3274 καὶ

175 3311 241 3367 τῶν
263 3306 402 3368 λεόντων
433 3310 498 3369 τῶν
530 3306 603 3388 περὶ
634 3304 689 3368 τὸν
717 3305 841 3387 θρόνον
868 3306 923 3369 τὸν
951 3308 1034 3371 ἴδον·
1068 3310 1146 3373 οὐδὲ
1176 3313 1237 3396 γάρ
1261 3323 1355 3381 τοῦτο

175 3417 277 3473 ποιεῖν
305 3412 395 3474 ὅσιον
423 3412 600 3493 εἰργάσατο.
653 3411 811 3475 Extrema
839 3413 941 3475 verba
970 3413 1152 3493 depravata
1181 3417 1280 3484 Niese
1308 3421 1356 3488 ita

175 3515 340 3596 corrigere
364 3515 504 3599 studuit,
533 3522 584 3600 ut,
615 3517 700 3595 quod
724 3516 758 3581 in
781 3516 904 3581 Latina
927 3518 1079 3583 versione
1102 3521 1270 3604 legeretur
1294 3528 1356 3612 ‚fas

175 3621 267 3705 1111,
291 3623 340 3706 ἦν,
365 3622 450 3701 quod
473 3621 663 3707 excidisset,
688 3626 765 3686 11111
780 3624 869 3687 ὅσιον
884 3621 1108 3691 intercalaret.
1147 3630 1233 3712 Quid
1247 3639 1356 3700 autem

175 3731 245 3792 tum
268 3728 333 3792 sibi
356 3726 428 3793 vult
452 3730 644 3811 εἰργοὶσατοῖ1
691 3727 802 3793 Nabar
825 3728 859 3793 id
882 3719 1019 3810 repetiit
1043 3734 1127 3811 quod
1150 3735 1184 3800 iu
1209 3743 1357 3823 margine

177 3832 300 3897 codicis
325 3833 346 3897 S
370 3833 476 3914 prima
507 3852 622 3897 manus
655 3834 834 3915 supplevit:
868 3838 905 3900 ὂν
938 3837 1027 3902 ὅσιον
1052 3839 1246 3909 —librarii
1279 3866 1357 3914 sane

177 3938 407 4004 coniecturam.
454 3940 527 4003 Hac
550 3944 685 4020 recepta
708 3941 916 4022 Havercamp
940 3945 1042 4007 verba
1066 3944 1114 4009 sic
1137 3946 1357 4031 interpunxit:

176 4045 242 4127 πρὸ
266 4047 390 4109 τούτων
415 4084 455 4090 -
480 4051 545 4108 τῶν
567 4071 600 4109 π.
624 4071 649 4108 τ.
672 4048 706 4110 θ.
729 4073 754 4109 τ.
780 4049 875 4121 ἴδιον,
904 4050 982 4113 οὐδὲ
1006 4051 1067 4134 γὰρ
1091 4076 1115 4114 τ.
1139 4079 1172 4116 π.
1198 4059 1235 4119 ὂν
1259 4061 1356 4134 ὅσιον,

171 4152 356 4233 εἰργάσατο.
411 4152 580 4234 εἰργάσατο
617 4150 720 4231 igitur
759 4154 987 4219 coniunctione
1027 4159 1082 4221 καὶ
1118 4159 1221 4239 priori
1257 4168 1357 4231 verbo

176 4258 391 4349 κατεσκεύασε
433 4255 570 4339 adiecit,
614 4258 935 4337 comprehensionem
976 4269 1085 4328 autem
1127 4269 1359 4336 vocabulorum

177 4362 257 4426 οὐδὲ
281 4400 321 4407 -
347 4364 436 4427 ὅσιον
465 4361 585 4427 1111111
613 4362 724 4426 verbis
752 4364 962 4431 interiectam
990 4370 1030 4432 ab
1060 4375 1226 4438 structura
1249 4393 1359 4442 eorum

178 4466 357 4547 separavit.
406 4467 471 4532 Sed
504 4467 552 4532 sic
585 4467 820 4548 interpretanti
853 4471 884 4535 ei
911 4473 1074 4539 obiectum
1103 4481 1238 4545 secundi
1265 4484 1360 4547 verbi

1154 4600 1195 4652 2*
