<?xml version="1.0" encoding="UTF-8"?>
<!DOCTYPE html PUBLIC "-//W3C//DTD XHTML 1.0 Transitional//EN"
    "http://www.w3.org/TR/xhtml1/DTD/xhtml1-transitional.dtd">
<html xmlns="http://www.w3.org/1999/xhtml" xml:lang="en" lang="en">
 <head>
  <title>
</title>
<meta http-equiv="Content-Type" content="text/html;charset=utf-8" />
  <meta name='ocr-system' content='tesseract 3.04.00' />
  <meta name='ocr-capabilities' content='ocr_page ocr_carea ocr_par ocr_line ocrx_word'/>
</head>
<body>
  <div class='ocr_page' id='page_1' title='image "./deflaviijosephi00raabgoog_0036.png"; bbox 0 0 3240 5170; ppageno 0'>
   <div class='ocr_carea' id='block_1_1' title="bbox 678 317 895 387">
    <p class='ocr_par' dir='ltr' id='par_1_1' title="bbox 678 317 895 387">
     <span class='ocr_line' id='line_1_1' title="bbox 678 317 895 387; baseline -0.005 -17"><span class='ocrx_word' id='word_1_1' title='bbox 678 317 895 387; x_wconf 81' lang='lat'><strong>..31..</strong></span> 
     </span>
    </p>
   </div>
   <div class='ocr_carea' id='block_1_2' title="bbox 196 512 1379 810">
    <p class='ocr_par' dir='ltr' id='par_1_2' title="bbox 196 512 1379 810">
     <span class='ocr_line' id='line_1_2' title="bbox 198 512 1378 596; baseline -0.003 -16"><span class='ocrx_word' id='word_1_2' title='bbox 198 518 302 586; x_wconf 77' lang='grc' dir='ltr'><strong><em>ἱππεῖς</em></strong></span> <span class='ocrx_word' id='word_1_3' title='bbox 324 516 520 584; x_wconf 77' lang='grc' dir='ltr'><strong><em>καθίσαντος</em></strong></span> <span class='ocrx_word' id='word_1_4' title='bbox 543 516 587 583; x_wconf 83' lang='grc' dir='ltr'><strong><em>εἷς</em></strong></span> <span class='ocrx_word' id='word_1_5' title='bbox 610 512 744 595; x_wconf 78' lang='grc' dir='ltr'><strong><em>ἐνέδραν</em></strong></span> <span class='ocrx_word' id='word_1_6' title='bbox 768 514 802 576; x_wconf 81' lang='grc' dir='ltr'><strong><em>έν</em></strong></span> <span class='ocrx_word' id='word_1_7' title='bbox 824 537 881 577; x_wconf 90' lang='grc' dir='ltr'><strong><em>τινι</em></strong></span> <span class='ocrx_word' id='word_1_8' title='bbox 904 513 1082 596; x_wconf 83' lang='grc' dir='ltr'><em>χειμάρρῳ,</em></span> <span class='ocrx_word' id='word_1_9' title='bbox 1111 512 1158 582; x_wconf 91' lang='grc' dir='ltr'><strong><em>ῶς</em></strong></span> <span class='ocrx_word' id='word_1_10' title='bbox 1181 514 1221 575; x_wconf 82' lang='grc' dir='ltr'><strong><em>ἂν</em></strong></span> <span class='ocrx_word' id='word_1_11' title='bbox 1244 512 1378 576; x_wconf 83' lang='grc' dir='ltr'><strong><em>κατόπιν</em></strong></span> 
     </span>
     <span class='ocr_line' id='line_1_3' title="bbox 198 618 1377 704; baseline -0.003 -19"><span class='ocrx_word' id='word_1_12' title='bbox 198 624 377 704; x_wconf 76' lang='grc' dir='ltr'><strong><em>ἐπιφανεῖεν</em></strong></span> <span class='ocrx_word' id='word_1_13' title='bbox 409 628 476 690; x_wconf 88' lang='grc' dir='ltr'><strong><em>τοῖς</em></strong></span> <span class='ocrx_word' id='word_1_14' title='bbox 510 620 690 702; x_wconf 88' lang='grc' dir='ltr'><strong><em>πολεμίοις,</em></strong></span> <span class='ocrx_word' id='word_1_15' title='bbox 729 620 925 701; x_wconf 71' lang='grc' dir='ltr'><strong><em>αἰσθόμενος</em></strong></span> <span class='ocrx_word' id='word_1_16' title='bbox 960 620 978 682; x_wconf 88' lang='grc' dir='ltr'><strong><em>ό</em></strong></span> <span class='ocrx_word' id='word_1_17' title='bbox 1012 618 1172 701; x_wconf 73' lang='grc' dir='ltr'><strong><em>Ἰωνάθης</em></strong></span> <span class='ocrx_word' id='word_1_18' title='bbox 1209 619 1248 681; x_wconf 86' lang='grc' dir='ltr'><strong><em>ού</em></strong></span> <span class='ocrx_word' id='word_1_19' title='bbox 1285 643 1377 682; x_wconf 90' lang='grc' dir='ltr'><strong><em>κατε-</em></strong></span> 
     </span>
     <span class='ocr_line' id='line_1_4' title="bbox 196 721 1379 810; baseline -0.003 -20"><span class='ocrx_word' id='word_1_20' title='bbox 196 729 311 810; x_wconf 91' lang='grc' dir='ltr'><strong><em>πλάγη.</em></strong></span> <span class='ocrx_word' id='word_1_21' title='bbox 338 763 378 771; x_wconf 86' lang='lat'><em>-</em></span> <span class='ocrx_word' id='word_1_22' title='bbox 415 724 508 809; x_wconf 79' lang='lat' dir='ltr'><strong><em>le,</em></strong></span> <span class='ocrx_word' id='word_1_23' title='bbox 534 721 568 808; x_wconf 96' lang='grc'><strong><em>1,</em></strong></span> <span class='ocrx_word' id='word_1_24' title='bbox 594 721 626 789; x_wconf 88' lang='grc'><strong><em>1;</em></strong></span> <span class='ocrx_word' id='word_1_25' title='bbox 661 725 808 808; x_wconf 76' lang='grc' dir='ltr'><strong><em>(Δίιμεν),</em></strong></span> <span class='ocrx_word' id='word_1_26' title='bbox 832 726 892 788; x_wconf 84' lang='grc' dir='ltr'><strong><em>ὅσα</em></strong></span> <span class='ocrx_word' id='word_1_27' title='bbox 915 723 998 805; x_wconf 88' lang='grc' dir='ltr'><strong><em>πρδς</em></strong></span> <span class='ocrx_word' id='word_1_28' title='bbox 1021 725 1145 795; x_wconf 85' lang='grc' dir='ltr'><em>τούτοις</em></span> <span class='ocrx_word' id='word_1_29' title='bbox 1168 725 1379 807; x_wconf 89' lang='grc' dir='ltr'><strong><em>συμβάλλεται</em></strong></span> 
     </span>
    </p>
   </div>
   <div class='ocr_carea' id='block_1_3' title="bbox 197 830 1480 915">
    <p class='ocr_par' dir='ltr' id='par_1_3' title="bbox 197 830 1480 915">
     <span class='ocr_line' id='line_1_5' title="bbox 197 830 1480 915; baseline -0.002 -20"><span class='ocrx_word' id='word_1_30' title='bbox 197 841 244 915; x_wconf 76' lang='grc' dir='ltr'><strong><em>τῷ</em></strong></span> <span class='ocrx_word' id='word_1_31' title='bbox 275 833 362 914; x_wconf 86' lang='grc' dir='ltr'><strong><em>λόγῳ</em></strong></span> <span class='ocrx_word' id='word_1_32' title='bbox 396 834 478 915; x_wconf 84' lang='grc' dir='ltr'><strong><em>ἔχειν</em></strong></span> <span class='ocrx_word' id='word_1_33' title='bbox 506 832 633 913; x_wconf 84' lang='grc' dir='ltr'><strong><em>κόσμον</em></strong></span> <span class='ocrx_word' id='word_1_34' title='bbox 660 837 726 900; x_wconf 84' lang='grc' dir='ltr'><strong><em>τοῖς</em></strong></span> <span class='ocrx_word' id='word_1_35' title='bbox 754 832 1050 914; x_wconf 80' lang='grc' dir='ltr'><strong><em>ἀναγνωσομένοις,</em></strong></span> <span class='ocrx_word' id='word_1_36' title='bbox 1083 831 1130 900; x_wconf 93' lang='grc' dir='ltr'><strong><em>ῶς</em></strong></span> <span class='ocrx_word' id='word_1_37' title='bbox 1153 833 1193 895; x_wconf 87' lang='grc' dir='ltr'><strong><em>ἀν</em></strong></span> <span class='ocrx_word' id='word_1_38' title='bbox 1215 830 1295 912; x_wconf 86' lang='grc' dir='ltr'><strong><em>μετὰ</em></strong></span> <span class='ocrx_word' id='word_1_39' title='bbox 1319 832 1378 913; x_wconf 89' lang='grc' dir='ltr'><strong><em>χά-</em></strong></span> <span class='ocrx_word' id='word_1_40' title='bbox 1475 896 1480 903; x_wconf 78' lang='lat'>.</span> 
     </span>
    </p>
   </div>
   <div class='ocr_carea' id='block_1_4' title="bbox 196 934 1380 1234">
    <p class='ocr_par' dir='ltr' id='par_1_4' title="bbox 196 934 1380 1234">
     <span class='ocr_line' id='line_1_6' title="bbox 198 934 1378 1021; baseline -0.003 -19"><span class='ocrx_word' id='word_1_41' title='bbox 198 939 283 1021; x_wconf 89' lang='grc' dir='ltr'><strong><em>ριτός</em></strong></span> <span class='ocrx_word' id='word_1_42' title='bbox 305 963 389 1008; x_wconf 91' lang='grc' dir='ltr'><strong><em>τινος</em></strong></span> <span class='ocrx_word' id='word_1_43' title='bbox 412 940 467 1002; x_wconf 83' lang='grc' dir='ltr'><strong><em>καὶ</em></strong></span> <span class='ocrx_word' id='word_1_44' title='bbox 490 938 613 1020; x_wconf 79' lang='grc' dir='ltr'><strong><em>ἡδονῆς</em></strong></span> <span class='ocrx_word' id='word_1_45' title='bbox 635 937 692 1019; x_wconf 83' lang='grc' dir='ltr'><strong><em>τὴν</em></strong></span> <span class='ocrx_word' id='word_1_46' title='bbox 716 938 881 1019; x_wconf 80' lang='grc' dir='ltr'><strong><em>ἐμπειρίαν</em></strong></span> <span class='ocrx_word' id='word_1_47' title='bbox 903 937 1195 1018; x_wconf 87' lang='grc' dir='ltr'><strong><em>παραλαμβάνοιεν.</em></strong></span> <span class='ocrx_word' id='word_1_48' title='bbox 1217 973 1258 981; x_wconf 84' lang='grc'><strong><em>-</em></strong></span> <span class='ocrx_word' id='word_1_49' title='bbox 1283 934 1378 1019; x_wconf 89' lang='grc' dir='ltr'><strong>ΧΙΧ,</strong></span> 
     </span>
     <span class='ocr_line' id='line_1_7' title="bbox 197 1040 1377 1125; baseline -0.002 -18"><span class='ocrx_word' id='word_1_50' title='bbox 197 1040 276 1109; x_wconf 77' lang='grc' dir='ltr'><strong><em>174ι</em></strong></span> <span class='ocrx_word' id='word_1_51' title='bbox 304 1043 374 1108; x_wconf 82' lang='grc' dir='ltr'><strong><em>Οὐκ</em></strong></span> <span class='ocrx_word' id='word_1_52' title='bbox 395 1046 476 1106; x_wconf 80' lang='grc' dir='ltr'><strong><em>ἔστιν</em></strong></span> <span class='ocrx_word' id='word_1_53' title='bbox 495 1043 516 1105; x_wconf 85' lang='grc' dir='ltr'><strong><em>δ</em></strong></span> <span class='ocrx_word' id='word_1_54' title='bbox 533 1068 559 1104; x_wconf 87' lang='grc' dir='ltr'><strong><em>τι</em></strong></span> <span class='ocrx_word' id='word_1_55' title='bbox 582 1049 648 1106; x_wconf 92' lang='grc' dir='ltr'><strong><em>τῶν</em></strong></span> <span class='ocrx_word' id='word_1_56' title='bbox 671 1049 786 1106; x_wconf 85' lang='grc' dir='ltr'><strong><em>κακῶν</em></strong></span> <span class='ocrx_word' id='word_1_57' title='bbox 810 1045 850 1106; x_wconf 87' lang='grc' dir='ltr'><strong><em>ού</em></strong></span> <span class='ocrx_word' id='word_1_58' title='bbox 876 1044 1040 1125; x_wconf 80' lang='grc' dir='ltr'><strong><em>διέστρεηιε</em></strong></span> <span class='ocrx_word' id='word_1_59' title='bbox 1063 1043 1120 1123; x_wconf 85' lang='grc' dir='ltr'><strong><em>τὴν</em></strong></span> <span class='ocrx_word' id='word_1_60' title='bbox 1143 1042 1236 1105; x_wconf 87' lang='grc' dir='ltr'><strong><em>πόλιν</em></strong></span> <span class='ocrx_word' id='word_1_61' title='bbox 1258 1042 1377 1125; x_wconf 79' lang='grc' dir='ltr'><strong><em>φιλοτι-</em></strong></span> 
     </span>
     <span class='ocr_line' id='line_1_8' title="bbox 196 1148 1380 1234; baseline -0.003 -20"><span class='ocrx_word' id='word_1_62' title='bbox 196 1151 370 1234; x_wconf 83' lang='grc' dir='ltr'><strong><em>μηδέντων</em></strong></span> <span class='ocrx_word' id='word_1_63' title='bbox 388 1149 472 1232; x_wconf 85' lang='grc' dir='ltr'><strong><em>πρὸς</em></strong></span> <span class='ocrx_word' id='word_1_64' title='bbox 491 1148 648 1230; x_wconf 76' lang='grc' dir='ltr'><strong><em>ἀλλήλους</em></strong></span> <span class='ocrx_word' id='word_1_65' title='bbox 672 1150 825 1212; x_wconf 88' lang='grc' dir='ltr'><strong><em>ἁπάντων</em></strong></span> <span class='ocrx_word' id='word_1_66' title='bbox 849 1151 883 1212; x_wconf 80' lang='grc' dir='ltr'><strong><em>οἳ</em></strong></span> <span class='ocrx_word' id='word_1_67' title='bbox 902 1151 1015 1230; x_wconf 84' lang='grc' dir='ltr'><strong><em>ἐκείνῳ</em></strong></span> <span class='ocrx_word' id='word_1_68' title='bbox 1035 1148 1183 1231; x_wconf 78' lang='grc' dir='ltr'><strong><em>διάδοχοι</em></strong></span> <span class='ocrx_word' id='word_1_69' title='bbox 1201 1156 1257 1232; x_wconf 85' lang='grc' dir='ltr'><strong><em>τῆς</em></strong></span> <span class='ocrx_word' id='word_1_70' title='bbox 1276 1150 1380 1232; x_wconf 82' lang='grc' dir='ltr'><strong><em>ἀρχῆς</em></strong></span> 
     </span>
    </p>
   </div>
   <div class='ocr_carea' id='block_1_5' title="bbox 97 1256 1379 1343">
    <p class='ocr_par' dir='ltr' id='par_1_5' title="bbox 97 1256 1379 1343">
     <span class='ocr_line' id='line_1_9' title="bbox 97 1256 1379 1343; baseline 0 -24"><span class='ocrx_word' id='word_1_71' title='bbox 97 1335 105 1343; x_wconf 68' lang='lat'>,</span> <span class='ocrx_word' id='word_1_72' title='bbox 198 1257 393 1337; x_wconf 82' lang='grc' dir='ltr'><strong><em>κατέστησαν</em></strong></span> <span class='ocrx_word' id='word_1_73' title='bbox 417 1256 463 1319; x_wconf 76' lang='grc' dir='ltr'><strong><em>ἐπ’</em></strong></span> <span class='ocrx_word' id='word_1_74' title='bbox 488 1256 665 1337; x_wconf 74' lang='grc' dir='ltr'><strong><em>ἀφανισμῷ</em></strong></span> <span class='ocrx_word' id='word_1_75' title='bbox 687 1260 744 1317; x_wconf 84' lang='grc' dir='ltr'><strong><em>τοῦ</em></strong></span> <span class='ocrx_word' id='word_1_76' title='bbox 768 1257 904 1338; x_wconf 82' lang='grc' dir='ltr'><strong><em>πατρίου</em></strong></span> <span class='ocrx_word' id='word_1_77' title='bbox 928 1256 983 1318; x_wconf 85' lang='grc' dir='ltr'><strong><em>καλ</em></strong></span> <span class='ocrx_word' id='word_1_78' title='bbox 1011 1256 1057 1325; x_wconf 91' lang='grc' dir='ltr'><strong><em>ῶς</em></strong></span> <span class='ocrx_word' id='word_1_79' title='bbox 1085 1258 1125 1318; x_wconf 86' lang='grc' dir='ltr'><strong><em>ἀν</em></strong></span> <span class='ocrx_word' id='word_1_80' title='bbox 1151 1256 1286 1336; x_wconf 91' lang='grc' dir='ltr'><strong><em>μάλιστα</em></strong></span> <span class='ocrx_word' id='word_1_81' title='bbox 1314 1261 1379 1319; x_wconf 90' lang='grc' dir='ltr'><strong><em>τῶν</em></strong></span> 
     </span>
    </p>
   </div>
   <div class='ocr_carea' id='block_1_6' title="bbox 195 1357 1413 4518">
    <p class='ocr_par' dir='ltr' id='par_1_6' title="bbox 195 1357 1413 3772">
     <span class='ocr_line' id='line_1_10' title="bbox 197 1357 1379 1445; baseline -0.001 -21"><span class='ocrx_word' id='word_1_82' title='bbox 197 1363 337 1426; x_wconf 85' lang='grc' dir='ltr'><strong><em>πολιτῶν</em></strong></span> <span class='ocrx_word' id='word_1_83' title='bbox 361 1363 496 1444; x_wconf 81' lang='grc' dir='ltr'><strong><em>ἐρημίαν</em></strong></span> <span class='ocrx_word' id='word_1_84' title='bbox 519 1367 575 1423; x_wconf 83' lang='grc' dir='ltr'><strong><em>τοῦ</em></strong></span> <span class='ocrx_word' id='word_1_85' title='bbox 601 1362 746 1442; x_wconf 87' lang='grc' dir='ltr'><strong><em>γενναίου</em></strong></span> <span class='ocrx_word' id='word_1_86' title='bbox 770 1360 996 1424; x_wconf 87' lang='grc' dir='ltr'><strong><em>καταλείποιεν.</em></strong></span> <span class='ocrx_word' id='word_1_87' title='bbox 1023 1398 1062 1406; x_wconf 85' lang='grc'>-</span> <span class='ocrx_word' id='word_1_88' title='bbox 1094 1361 1132 1425; x_wconf 91' lang='grc' dir='ltr'><strong><em>Β.</em></strong></span> <span class='ocrx_word' id='word_1_89' title='bbox 1157 1361 1190 1425; x_wconf 86' lang='lat' dir='ltr'><strong><em>J.</em></strong></span> <span class='ocrx_word' id='word_1_90' title='bbox 1216 1359 1243 1444; x_wconf 82' lang='lat' dir='ltr'><strong><em>I,</em></strong></span> <span class='ocrx_word' id='word_1_91' title='bbox 1268 1357 1320 1445; x_wconf 90' lang='grc'><strong><em>17,</em></strong></span> <span class='ocrx_word' id='word_1_92' title='bbox 1346 1357 1379 1424; x_wconf 82' lang='lat'><strong><em>6:</em></strong></span> 
     </span>
     <span class='ocr_line' id='line_1_11' title="bbox 195 1467 1379 1552; baseline 0.001 -23"><span class='ocrx_word' id='word_1_93' title='bbox 195 1467 349 1552; x_wconf 84' lang='grc' dir='ltr'><strong><em>Ἡρώδης</em></strong></span> <span class='ocrx_word' id='word_1_94' title='bbox 377 1469 412 1531; x_wconf 82' lang='grc' dir='ltr'><strong><em>δὲ</em></strong></span> <span class='ocrx_word' id='word_1_95' title='bbox 440 1467 521 1531; x_wconf 87' lang='grc' dir='ltr'><strong><em>κατὰ</em></strong></span> <span class='ocrx_word' id='word_1_96' title='bbox 549 1472 645 1549; x_wconf 83' lang='grc' dir='ltr'><strong><em>μῆνιν</em></strong></span> <span class='ocrx_word' id='word_1_97' title='bbox 672 1471 729 1528; x_wconf 85' lang='grc' dir='ltr'><strong><em>τού</em></strong></span> <span class='ocrx_word' id='word_1_98' title='bbox 758 1469 974 1548; x_wconf 75' lang='grc' dir='ltr'><strong><em>φονευθέντος</em></strong></span> <span class='ocrx_word' id='word_1_99' title='bbox 1002 1468 1146 1550; x_wconf 78' lang='grc' dir='ltr'><strong><em>ἀδελφοῦ</em></strong></span> <span class='ocrx_word' id='word_1_100' title='bbox 1174 1467 1379 1549; x_wconf 88' lang='grc' dir='ltr'><strong><em>παραβαλλό-</em></strong></span> 
     </span>
     <span class='ocr_line' id='line_1_12' title="bbox 197 1572 1377 1656; baseline 0 -19"><span class='ocrx_word' id='word_1_101' title='bbox 197 1599 304 1656; x_wconf 86' lang='grc' dir='ltr'><strong><em>μενος,</em></strong></span> <span class='ocrx_word' id='word_1_102' title='bbox 329 1575 376 1644; x_wconf 87' lang='grc' dir='ltr'><strong><em>ῶς</em></strong></span> <span class='ocrx_word' id='word_1_103' title='bbox 399 1577 439 1637; x_wconf 87' lang='grc' dir='ltr'><strong><em>ἀν</em></strong></span> <span class='ocrx_word' id='word_1_104' title='bbox 462 1575 578 1635; x_wconf 89' lang='grc' dir='ltr'><strong><em>τίσαιτο</em></strong></span> <span class='ocrx_word' id='word_1_105' title='bbox 602 1572 677 1641; x_wconf 81' lang='grc' dir='ltr'><strong><em>τοὺς</em></strong></span> <span class='ocrx_word' id='word_1_106' title='bbox 700 1573 819 1642; x_wconf 81' lang='grc' dir='ltr'><strong><em>αἰτίους</em></strong></span> <span class='ocrx_word' id='word_1_107' title='bbox 842 1579 898 1634; x_wconf 84' lang='grc' dir='ltr'><strong><em>τοῦ</em></strong></span> <span class='ocrx_word' id='word_1_108' title='bbox 923 1573 1038 1655; x_wconf 78' lang='grc' dir='ltr'><strong><em>(γόνου,</em></strong></span> <span class='ocrx_word' id='word_1_109' title='bbox 1062 1575 1186 1655; x_wconf 87' lang='grc' dir='ltr'><strong><em>ταχέως</em></strong></span> <span class='ocrx_word' id='word_1_110' title='bbox 1208 1580 1273 1637; x_wconf 92' lang='grc' dir='ltr'><strong><em>τῶν</em></strong></span> <span class='ocrx_word' id='word_1_111' title='bbox 1297 1575 1377 1637; x_wconf 72' lang='grc' dir='ltr'><strong><em>καθ’</em></strong></span> 
     </span>
     <span class='ocr_line' id='line_1_13' title="bbox 198 1674 1381 1762; baseline -0.001 -19"><span class='ocrx_word' id='word_1_112' title='bbox 198 1680 312 1743; x_wconf 83' lang='grc' dir='ltr'><strong><em>ἑαυτόν</em></strong></span> <span class='ocrx_word' id='word_1_113' title='bbox 331 1681 463 1761; x_wconf 86' lang='grc' dir='ltr'><strong><em>ε’κράτει.</em></strong></span> <span class='ocrx_word' id='word_1_114' title='bbox 482 1715 519 1723; x_wconf 88' lang='grc'><strong><em>--</em></strong></span> <span class='ocrx_word' id='word_1_115' title='bbox 547 1678 574 1761; x_wconf 85' lang='grc' dir='ltr'><strong><em>Ι,</em></strong></span> <span class='ocrx_word' id='word_1_116' title='bbox 591 1674 643 1759; x_wconf 82' lang='grc'><strong><em>25,</em></strong></span> <span class='ocrx_word' id='word_1_117' title='bbox 659 1674 693 1740; x_wconf 84' lang='grc'><strong><em>4;</em></strong></span> <span class='ocrx_word' id='word_1_118' title='bbox 717 1676 870 1741; x_wconf 80' lang='grc' dir='ltr'><strong><em>Πείδεται</em></strong></span> <span class='ocrx_word' id='word_1_119' title='bbox 888 1679 1046 1762; x_wconf 84' lang='grc' dir='ltr'><strong><em>Φερώρας</em></strong></span> <span class='ocrx_word' id='word_1_120' title='bbox 1065 1680 1119 1743; x_wconf 83' lang='grc' dir='ltr'><strong><em>καὶ</em></strong></span> <span class='ocrx_word' id='word_1_121' title='bbox 1138 1681 1381 1750; x_wconf 85' lang='grc' dir='ltr'><strong><em>κατασκευάσας</em></strong></span> 
     </span>
     <span class='ocr_line' id='line_1_14' title="bbox 199 1774 1413 1868; baseline 0 -20"><span class='ocrx_word' id='word_1_122' title='bbox 199 1786 305 1859; x_wconf 78' lang='grc' dir='ltr'><strong><em>αὐτόν,</em></strong></span> <span class='ocrx_word' id='word_1_123' title='bbox 326 1787 373 1856; x_wconf 91' lang='grc' dir='ltr'><strong><em>ώς</em></strong></span> <span class='ocrx_word' id='word_1_124' title='bbox 390 1788 431 1848; x_wconf 88' lang='grc' dir='ltr'><strong><em>ἀν</em></strong></span> <span class='ocrx_word' id='word_1_125' title='bbox 449 1785 653 1866; x_wconf 80' lang='grc' dir='ltr'><strong><em>οἰκτρότατος</em></strong></span> <span class='ocrx_word' id='word_1_126' title='bbox 672 1784 797 1867; x_wconf 80' lang='grc' dir='ltr'><strong><em>φανείη,</em></strong></span> <span class='ocrx_word' id='word_1_127' title='bbox 821 1785 952 1867; x_wconf 82' lang='grc' dir='ltr'><strong><em>μελαίνῃ</em></strong></span> <span class='ocrx_word' id='word_1_128' title='bbox 972 1809 1004 1848; x_wconf 89' lang='grc' dir='ltr'><strong><em>τε</em></strong></span> <span class='ocrx_word' id='word_1_129' title='bbox 1023 1786 1134 1868; x_wconf 78' lang='grc' dir='ltr'><strong><em>ἐσδῆτι</em></strong></span> <span class='ocrx_word' id='word_1_130' title='bbox 1151 1786 1206 1848; x_wconf 86' lang='grc' dir='ltr'><strong><em>καὶ</em></strong></span> <span class='ocrx_word' id='word_1_131' title='bbox 1226 1786 1381 1866; x_wconf 84' lang='grc' dir='ltr'><strong><em>δακρύοις</em></strong></span> <span class='ocrx_word' id='word_1_132' title='bbox 1411 1774 1413 1779; x_wconf 35' lang='grc'><strong>“</strong></span> 
     </span>
     <span class='ocr_line' id='line_1_15' title="bbox 199 1888 1382 1974; baseline 0.002 -21"><span class='ocrx_word' id='word_1_133' title='bbox 199 1894 395 1973; x_wconf 90' lang='grc' dir='ltr'><strong><em>προσπίπται</em></strong></span> <span class='ocrx_word' id='word_1_134' title='bbox 418 1897 483 1960; x_wconf 89' lang='grc' dir='ltr'><strong><em>τοῖς</em></strong></span> <span class='ocrx_word' id='word_1_135' title='bbox 504 1889 658 1971; x_wconf 87' lang='grc' dir='ltr'><strong><em>Ἡρώδου</em></strong></span> <span class='ocrx_word' id='word_1_136' title='bbox 682 1892 786 1954; x_wconf 87' lang='grc' dir='ltr'><strong><em>ποσίν.</em></strong></span> <span class='ocrx_word' id='word_1_137' title='bbox 812 1926 853 1934; x_wconf 83' lang='grc'>-</span> <span class='ocrx_word' id='word_1_138' title='bbox 885 1889 930 1974; x_wconf 87' lang='grc' dir='ltr'><strong><em>Π,</em></strong></span> <span class='ocrx_word' id='word_1_139' title='bbox 955 1888 1007 1973; x_wconf 85' lang='grc'><strong><em>14,</em></strong></span> <span class='ocrx_word' id='word_1_140' title='bbox 1032 1888 1066 1954; x_wconf 88' lang='lat'><strong><em>3:</em></strong></span> <span class='ocrx_word' id='word_1_141' title='bbox 1091 1890 1131 1955; x_wconf 76' lang='lat' dir='ltr'><strong><em>‘O</em></strong></span> <span class='ocrx_word' id='word_1_142' title='bbox 1153 1892 1214 1973; x_wconf 86' lang='grc' dir='ltr'><strong><em>μὲν</em></strong></span> <span class='ocrx_word' id='word_1_143' title='bbox 1237 1889 1305 1964; x_wconf 82' lang='grc' dir='ltr'><strong><em>σύν,</em></strong></span> <span class='ocrx_word' id='word_1_144' title='bbox 1334 1893 1382 1961; x_wconf 89' lang='grc' dir='ltr'><strong><em>ώς</em></strong></span> 
     </span>
     <span class='ocr_line' id='line_1_16' title="bbox 199 1995 1382 2080; baseline -0.001 -20"><span class='ocrx_word' id='word_1_145' title='bbox 199 1999 239 2060; x_wconf 86' lang='grc' dir='ltr'><strong><em>ἀν</em></strong></span> <span class='ocrx_word' id='word_1_146' title='bbox 273 1998 470 2079; x_wconf 81' lang='grc' dir='ltr'><strong><em>ἀπορραγείη</em></strong></span> <span class='ocrx_word' id='word_1_147' title='bbox 507 1995 543 2058; x_wconf 89' lang='grc' dir='ltr'><strong><em>τὸ</em></strong></span> <span class='ocrx_word' id='word_1_148' title='bbox 577 1995 675 2065; x_wconf 82' lang='grc' dir='ltr'><strong><em>ἕδνος</em></strong></span> <span class='ocrx_word' id='word_1_149' title='bbox 709 1997 788 2059; x_wconf 67' lang='grc' dir='ltr'><strong><em>καθ’</em></strong></span> <span class='ocrx_word' id='word_1_150' title='bbox 826 1998 951 2080; x_wconf 78' lang='grc' dir='ltr'><strong><em>ἡμέραν</em></strong></span> <span class='ocrx_word' id='word_1_151' title='bbox 987 1999 1139 2061; x_wconf 82' lang='grc' dir='ltr'><strong><em>ἐπέτεινεν</em></strong></span> <span class='ocrx_word' id='word_1_152' title='bbox 1178 1999 1287 2067; x_wconf 81' lang='grc' dir='ltr'><strong><em>αὐτοῖς</em></strong></span> <span class='ocrx_word' id='word_1_153' title='bbox 1325 1997 1382 2068; x_wconf 87' lang='grc' dir='ltr'><strong><em>τὰς</em></strong></span> 
     </span>
     <span class='ocr_line' id='line_1_17' title="bbox 200 2098 1381 2186; baseline 0 -21"><span class='ocrx_word' id='word_1_154' title='bbox 200 2104 382 2185; x_wconf 81' lang='grc' dir='ltr'><strong><em>συμφοράς.</em></strong></span> <span class='ocrx_word' id='word_1_155' title='bbox 397 2139 438 2146; x_wconf 79' lang='lat'><em>-</em></span> <span class='ocrx_word' id='word_1_156' title='bbox 463 2100 526 2185; x_wconf 89' lang='grc' dir='ltr'><strong><em>ΙΠ,</em></strong></span> <span class='ocrx_word' id='word_1_157' title='bbox 541 2098 642 2184; x_wconf 87' lang='grc'><strong>7,10;</strong></span> <span class='ocrx_word' id='word_1_158' title='bbox 662 2100 858 2183; x_wconf 81' lang='grc' dir='ltr'><strong><em>Ἐμπετάσαι</em></strong></span> <span class='ocrx_word' id='word_1_159' title='bbox 881 2128 913 2166; x_wconf 90' lang='grc' dir='ltr'><strong><em>τε</em></strong></span> <span class='ocrx_word' id='word_1_160' title='bbox 935 2104 1059 2185; x_wconf 82' lang='grc' dir='ltr'><strong><em>βύρσας</em></strong></span> <span class='ocrx_word' id='word_1_161' title='bbox 1082 2104 1258 2185; x_wconf 87' lang='grc' dir='ltr'><strong><em>νεοδόρους</em></strong></span> <span class='ocrx_word' id='word_1_162' title='bbox 1280 2106 1381 2186; x_wconf 84' lang='grc' dir='ltr'><strong><em>βοῶν,</em></strong></span> 
     </span>
     <span class='ocr_line' id='line_1_18' title="bbox 199 2206 1380 2292; baseline 0.001 -21"><span class='ocrx_word' id='word_1_163' title='bbox 199 2208 246 2278; x_wconf 92' lang='grc' dir='ltr'><strong><em>ῶς</em></strong></span> <span class='ocrx_word' id='word_1_164' title='bbox 269 2211 309 2272; x_wconf 84' lang='grc' dir='ltr'><strong><em>ἂν</em></strong></span> <span class='ocrx_word' id='word_1_165' title='bbox 333 2210 477 2291; x_wconf 88' lang='grc' dir='ltr'><strong><em>δέχοιντο</em></strong></span> <span class='ocrx_word' id='word_1_166' title='bbox 500 2208 560 2290; x_wconf 83' lang='grc' dir='ltr'><strong><em>μὲν</em></strong></span> <span class='ocrx_word' id='word_1_167' title='bbox 578 2206 653 2277; x_wconf 86' lang='grc' dir='ltr'><strong><em>τοὺς</em></strong></span> <span class='ocrx_word' id='word_1_168' title='bbox 672 2208 737 2270; x_wconf 87' lang='grc' dir='ltr'><strong><em>ἀπὸ</em></strong></span> <span class='ocrx_word' id='word_1_169' title='bbox 755 2214 821 2271; x_wconf 90' lang='grc' dir='ltr'><strong><em>τῶν</em></strong></span> <span class='ocrx_word' id='word_1_170' title='bbox 839 2209 1047 2292; x_wconf 80' lang='grc' dir='ltr'><strong><em>πετροβόλων</em></strong></span> <span class='ocrx_word' id='word_1_171' title='bbox 1065 2210 1178 2279; x_wconf 80' lang='grc' dir='ltr'><strong><em>λίδους</em></strong></span> <span class='ocrx_word' id='word_1_172' title='bbox 1196 2210 1380 2291; x_wconf 89' lang='grc' dir='ltr'><strong><em>κολπούμε-</em></strong></span> 
     </span>
     <span class='ocr_line' id='line_1_19' title="bbox 199 2310 1382 2398; baseline -0.001 -20"><span class='ocrx_word' id='word_1_173' title='bbox 199 2340 258 2378; x_wconf 85' lang='grc' dir='ltr'><strong><em>ναι.</em></strong></span> <span class='ocrx_word' id='word_1_174' title='bbox 285 2352 326 2359; x_wconf 79' lang='lat'><em>-</em></span> <span class='ocrx_word' id='word_1_175' title='bbox 358 2313 426 2397; x_wconf 90' lang='grc' dir='ltr'><strong>ΙΙΙ,</strong></span> <span class='ocrx_word' id='word_1_176' title='bbox 452 2310 486 2397; x_wconf 90' lang='grc'><strong><em>7,</em></strong></span> <span class='ocrx_word' id='word_1_177' title='bbox 511 2311 567 2378; x_wconf 79' lang='lat'><strong><em>25:</em></strong></span> <span class='ocrx_word' id='word_1_178' title='bbox 604 2314 677 2378; x_wconf 88' lang='grc' dir='ltr'><strong><em>Τῶν</em></strong></span> <span class='ocrx_word' id='word_1_179' title='bbox 704 2316 876 2397; x_wconf 89' lang='grc' dir='ltr'><strong><em>ταγμάτων</em></strong></span> <span class='ocrx_word' id='word_1_180' title='bbox 906 2316 1080 2398; x_wconf 70' lang='grc' dir='ltr'><strong><em>ἐπιρράξαι</em></strong></span> <span class='ocrx_word' id='word_1_181' title='bbox 1107 2314 1163 2384; x_wconf 83' lang='grc' dir='ltr'><strong><em>τὰς</em></strong></span> <span class='ocrx_word' id='word_1_182' title='bbox 1190 2316 1306 2387; x_wconf 85' lang='grc' dir='ltr'><strong><em>ἀκοάς,</em></strong></span> <span class='ocrx_word' id='word_1_183' title='bbox 1335 2316 1382 2385; x_wconf 91' lang='grc' dir='ltr'><strong><em>ῶς</em></strong></span> 
     </span>
     <span class='ocr_line' id='line_1_20' title="bbox 199 2417 1381 2503; baseline 0 -18"><span class='ocrx_word' id='word_1_184' title='bbox 199 2424 239 2485; x_wconf 81' lang='grc' dir='ltr'><strong><em>ἂν</em></strong></span> <span class='ocrx_word' id='word_1_185' title='bbox 262 2421 307 2503; x_wconf 83' lang='grc' dir='ltr'><strong><em>μὴ</em></strong></span> <span class='ocrx_word' id='word_1_186' title='bbox 333 2420 570 2503; x_wconf 87' lang='grc' dir='ltr'><strong><em>καταπλαγεῖεν.</em></strong></span> <span class='ocrx_word' id='word_1_187' title='bbox 596 2458 636 2465; x_wconf 90' lang='grc'>-</span> <span class='ocrx_word' id='word_1_188' title='bbox 677 2420 717 2502; x_wconf 88' lang='lat' dir='ltr'><strong><em>V,</em></strong></span> <span class='ocrx_word' id='word_1_189' title='bbox 742 2418 777 2503; x_wconf 85' lang='lat'><strong><em>5,</em></strong></span> <span class='ocrx_word' id='word_1_190' title='bbox 803 2417 837 2483; x_wconf 84' lang='lat'><strong><em>3:</em></strong></span> <span class='ocrx_word' id='word_1_191' title='bbox 873 2421 979 2503; x_wconf 83' lang='grc' dir='ltr'><strong><em>Κόττῳ</em></strong></span> <span class='ocrx_word' id='word_1_192' title='bbox 1011 2421 1072 2503; x_wconf 85' lang='grc' dir='ltr'><strong><em>γὰρ</em></strong></span> <span class='ocrx_word' id='word_1_193' title='bbox 1101 2427 1157 2503; x_wconf 85' lang='grc' dir='ltr'><strong><em>τῆς</em></strong></span> <span class='ocrx_word' id='word_1_194' title='bbox 1185 2420 1237 2484; x_wconf 86' lang='grc' dir='ltr'><strong><em>διὰ</em></strong></span> <span class='ocrx_word' id='word_1_195' title='bbox 1265 2420 1381 2491; x_wconf 84' lang='grc' dir='ltr'><strong><em>νυκτὸς</em></strong></span> 
     </span>
     <span class='ocr_line' id='line_1_21' title="bbox 201 2527 1380 2610; baseline 0 -19"><span class='ocrx_word' id='word_1_196' title='bbox 201 2528 334 2610; x_wconf 86' lang='grc' dir='ltr'><strong><em>πορείας</em></strong></span> <span class='ocrx_word' id='word_1_197' title='bbox 356 2529 585 2609; x_wconf 90' lang='grc' dir='ltr'><strong><em>τετριμμένους</em></strong></span> <span class='ocrx_word' id='word_1_198' title='bbox 603 2527 708 2589; x_wconf 84' lang='grc' dir='ltr'><strong><em>ἐδόκει</em></strong></span> <span class='ocrx_word' id='word_1_199' title='bbox 728 2529 849 2609; x_wconf 88' lang='grc' dir='ltr'><strong><em>σκέπης</em></strong></span> <span class='ocrx_word' id='word_1_200' title='bbox 868 2528 980 2601; x_wconf 85' lang='grc' dir='ltr'><strong><em>ἀξίους</em></strong></span> <span class='ocrx_word' id='word_1_201' title='bbox 998 2527 1085 2600; x_wconf 79' lang='grc' dir='ltr'><strong><em>εἶναι,</em></strong></span> <span class='ocrx_word' id='word_1_202' title='bbox 1109 2527 1156 2598; x_wconf 91' lang='grc' dir='ltr'><strong><em>ῶς</em></strong></span> <span class='ocrx_word' id='word_1_203' title='bbox 1179 2530 1218 2589; x_wconf 86' lang='grc' dir='ltr'><strong><em>ἂν</em></strong></span> <span class='ocrx_word' id='word_1_204' title='bbox 1237 2528 1380 2591; x_wconf 89' lang='grc' dir='ltr'><strong><em>ἀδεέστε-</em></strong></span> 
     </span>
     <span class='ocr_line' id='line_1_22' title="bbox 199 2628 1382 2717; baseline -0.001 -20"><span class='ocrx_word' id='word_1_205' title='bbox 199 2658 258 2714; x_wconf 91' lang='grc' dir='ltr'><strong><em>ρον</em></strong></span> <span class='ocrx_word' id='word_1_206' title='bbox 281 2635 473 2717; x_wconf 88' lang='grc' dir='ltr'><strong><em>τειχίσαιντο.</em></strong></span> <span class='ocrx_word' id='word_1_207' title='bbox 500 2669 540 2676; x_wconf 87' lang='lat'><strong><em>—-</em></strong></span> <span class='ocrx_word' id='word_1_208' title='bbox 576 2630 657 2714; x_wconf 78' lang='lat' dir='ltr'>VII,</span> <span class='ocrx_word' id='word_1_209' title='bbox 683 2628 717 2714; x_wconf 78' lang='grc'><strong><em>2,</em></strong></span> <span class='ocrx_word' id='word_1_210' title='bbox 742 2629 775 2695; x_wconf 78' lang='lat'><strong><em>5:</em></strong></span> <span class='ocrx_word' id='word_1_211' title='bbox 804 2633 1021 2698; x_wconf 80' lang='grc' dir='ltr'><strong><em>Καύίστανται</em></strong></span> <span class='ocrx_word' id='word_1_212' title='bbox 1045 2634 1080 2695; x_wconf 83' lang='grc' dir='ltr'><strong><em>δὲ</em></strong></span> <span class='ocrx_word' id='word_1_213' title='bbox 1105 2633 1156 2697; x_wconf 85' lang='grc' dir='ltr'><strong><em>διὰ</em></strong></span> <span class='ocrx_word' id='word_1_214' title='bbox 1180 2640 1274 2696; x_wconf 82' lang='grc' dir='ltr'><strong><em>τοῦτο</em></strong></span> <span class='ocrx_word' id='word_1_215' title='bbox 1298 2634 1382 2717; x_wconf 89' lang='grc' dir='ltr'><strong><em>πρὸς</em></strong></span> 
     </span>
     <span class='ocr_line' id='line_1_23' title="bbox 200 2738 1381 2822; baseline 0.002 -20"><span class='ocrx_word' id='word_1_216' title='bbox 200 2741 345 2821; x_wconf 89' lang='grc' dir='ltr'><strong><em>ἀνάγκην</em></strong></span> <span class='ocrx_word' id='word_1_217' title='bbox 377 2741 409 2801; x_wconf 84' lang='grc' dir='ltr'><strong><em>οί</em></strong></span> <span class='ocrx_word' id='word_1_218' title='bbox 436 2738 586 2800; x_wconf 84' lang='grc' dir='ltr'><strong><em>Ἰουδαῖοι</em></strong></span> <span class='ocrx_word' id='word_1_219' title='bbox 616 2744 673 2801; x_wconf 80' lang='grc' dir='ltr'><strong><em>τοῦ</em></strong></span> <span class='ocrx_word' id='word_1_220' title='bbox 707 2739 788 2820; x_wconf 88' lang='grc' dir='ltr'><strong><em>δρᾶν</em></strong></span> <span class='ocrx_word' id='word_1_221' title='bbox 816 2764 843 2801; x_wconf 91' lang='grc' dir='ltr'><strong><em>τι</em></strong></span> <span class='ocrx_word' id='word_1_222' title='bbox 872 2747 1029 2821; x_wconf 84' lang='grc' dir='ltr'><strong><em>γενναῖον,</em></strong></span> <span class='ocrx_word' id='word_1_223' title='bbox 1065 2740 1112 2808; x_wconf 88' lang='grc' dir='ltr'><strong><em>ῶς</em></strong></span> <span class='ocrx_word' id='word_1_224' title='bbox 1146 2740 1381 2822; x_wconf 83' lang='grc' dir='ltr'><strong><em>ε’κπαραβόλως</em></strong></span> 
     </span>
     <span class='ocr_line' id='line_1_24' title="bbox 201 2830 1381 2928; baseline 0.001 -20"><span class='ocrx_word' id='word_1_225' title='bbox 201 2846 437 2926; x_wconf 89' lang='grc' dir='ltr'><strong><em>ἀγωνισάμενοι</em></strong></span> <span class='ocrx_word' id='word_1_226' title='bbox 468 2845 549 2926; x_wconf 89' lang='grc' dir='ltr'><strong><em>τάχα</em></strong></span> <span class='ocrx_word' id='word_1_227' title='bbox 585 2847 625 2907; x_wconf 81' lang='grc' dir='ltr'><strong><em>ἂν</em></strong></span> <span class='ocrx_word' id='word_1_228' title='bbox 656 2844 711 2907; x_wconf 81' lang='grc' dir='ltr'><strong><em>καὶ</em></strong></span> <span class='ocrx_word' id='word_1_229' title='bbox 743 2846 937 2928; x_wconf 76' lang='grc' dir='ltr'><strong><em>διαφύγοιεν.</em></strong></span> <span class='ocrx_word' id='word_1_230' title='bbox 973 2830 1012 2889; x_wconf 36' lang='grc'><strong><em>’-</em></strong></span> <span class='ocrx_word' id='word_1_231' title='bbox 1063 2844 1201 2908; x_wconf 78' lang='lat' dir='ltr'><strong>Certant</strong></span> <span class='ocrx_word' id='word_1_232' title='bbox 1238 2845 1381 2911; x_wconf 74' lang='lat' dir='ltr'><strong>editores</strong></span> 
     </span>
     <span class='ocr_line' id='line_1_25' title="bbox 198 2947 1379 3034; baseline 0.003 -22"><span class='ocrx_word' id='word_1_233' title='bbox 198 2954 366 3013; x_wconf 73' lang='lat' dir='ltr'><strong>nostrates</strong></span> <span class='ocrx_word' id='word_1_234' title='bbox 398 2948 438 3013; x_wconf 84' lang='lat' dir='ltr'><strong><em>de</em></strong></span> <span class='ocrx_word' id='word_1_235' title='bbox 463 2947 503 3013; x_wconf 83' lang='lat' dir='ltr'><strong><em>A.</em></strong></span> <span class='ocrx_word' id='word_1_236' title='bbox 526 2951 603 3031; x_wconf 86' lang='grc' dir='ltr'><strong>ΙΙΙ,</strong></span> <span class='ocrx_word' id='word_1_237' title='bbox 626 2950 704 3018; x_wconf 83' lang='grc'><strong>158;</strong></span> <span class='ocrx_word' id='word_1_238' title='bbox 728 2950 909 3034; x_wconf 86' lang='grc' dir='ltr'><strong><em>Ἤρμοσται</em></strong></span> <span class='ocrx_word' id='word_1_239' title='bbox 942 2953 976 3015; x_wconf 87' lang='grc' dir='ltr'><strong><em>δὲ</em></strong></span> <span class='ocrx_word' id='word_1_240' title='bbox 1008 2953 1155 3034; x_wconf 82' lang='grc' dir='ltr'><strong><em>ἀκριβῶς</em></strong></span> <span class='ocrx_word' id='word_1_241' title='bbox 1185 2953 1232 3022; x_wconf 90' lang='grc' dir='ltr'><strong><em>ῶς</em></strong></span> <span class='ocrx_word' id='word_1_242' title='bbox 1263 2955 1302 3015; x_wconf 86' lang='grc' dir='ltr'><strong><em>ἂν</em></strong></span> <span class='ocrx_word' id='word_1_243' title='bbox 1333 2952 1379 3034; x_wconf 87' lang='grc' dir='ltr'><strong><em>μὴ</em></strong></span> 
     </span>
     <span class='ocr_line' id='line_1_26' title="bbox 199 3054 1381 3141; baseline 0.002 -24"><span class='ocrx_word' id='word_1_244' title='bbox 199 3057 383 3139; x_wconf 87' lang='grc' dir='ltr'><strong><em>περιρρυείη</em></strong></span> <span class='ocrx_word' id='word_1_245' title='bbox 409 3055 464 3135; x_wconf 79' lang='lat' dir='ltr'><strong><em>(ox</em></strong></span> <span class='ocrx_word' id='word_1_246' title='bbox 488 3054 557 3118; x_wconf 79' lang='lat' dir='ltr'><strong>cod.</strong></span> <span class='ocrx_word' id='word_1_247' title='bbox 583 3054 642 3137; x_wconf 90' lang='lat' dir='ltr'><strong><em>M.)</em></strong></span> <span class='ocrx_word' id='word_1_248' title='bbox 666 3064 846 3128; x_wconf 86' lang='grc' dir='ltr'><strong><em>πονοῦντος</em></strong></span> <span class='ocrx_word' id='word_1_249' title='bbox 872 3058 945 3140; x_wconf 79' lang='grc' dir='ltr'><strong><em>περὶ</em></strong></span> <span class='ocrx_word' id='word_1_250' title='bbox 973 3058 1030 3140; x_wconf 84' lang='grc' dir='ltr'><strong><em>τὴν</em></strong></span> <span class='ocrx_word' id='word_1_251' title='bbox 1054 3059 1244 3141; x_wconf 84' lang='grc' dir='ltr'><strong><em>ἱερουργίαν.</em></strong></span> <span class='ocrx_word' id='word_1_252' title='bbox 1286 3056 1381 3120; x_wconf 82' lang='lat' dir='ltr'><strong>Hanc</strong></span> 
     </span>
     <span class='ocr_line' id='line_1_27' title="bbox 200 3159 1381 3246; baseline 0.002 -23"><span class='ocrx_word' id='word_1_253' title='bbox 200 3159 411 3240; x_wconf 78' lang='lat' dir='ltr'>scriptionem</span> <span class='ocrx_word' id='word_1_254' title='bbox 435 3159 534 3224; x_wconf 90' lang='lat' dir='ltr'><strong>Niese</strong></span> <span class='ocrx_word' id='word_1_255' title='bbox 557 3160 697 3245; x_wconf 75' lang='lat' dir='ltr'><strong>recepit,</strong></span> <span class='ocrx_word' id='word_1_256' title='bbox 732 3161 843 3227; x_wconf 85' lang='lat' dir='ltr'><strong>Naber</strong></span> <span class='ocrx_word' id='word_1_257' title='bbox 866 3182 907 3228; x_wconf 83' lang='lat' dir='ltr'><strong><em>ex</em></strong></span> <span class='ocrx_word' id='word_1_258' title='bbox 930 3171 1066 3246; x_wconf 84' lang='grc' dir='ltr'><strong><em>περιρυῆ</em></strong></span> <span class='ocrx_word' id='word_1_259' title='bbox 1091 3168 1125 3227; x_wconf 89' lang='lat' dir='ltr'><strong><em>et</em></strong></span> <span class='ocrx_word' id='word_1_260' title='bbox 1147 3171 1305 3246; x_wconf 79' lang='grc' dir='ltr'><strong><em>περιρρυῇ</em></strong></span> <span class='ocrx_word' id='word_1_261' title='bbox 1330 3179 1381 3225; x_wconf 87' lang='lat' dir='ltr'><strong><em>eo·</em></strong></span> 
     </span>
     <span class='ocr_line' id='line_1_28' title="bbox 201 3265 1382 3352; baseline 0.002 -23"><span class='ocrx_word' id='word_1_262' title='bbox 201 3265 308 3331; x_wconf 85' lang='lat' dir='ltr'><strong>dionm</strong></span> <span class='ocrx_word' id='word_1_263' title='bbox 330 3265 475 3330; x_wconf 85' lang='lat' dir='ltr'><strong>ROSPL</strong></span> <span class='ocrx_word' id='word_1_264' title='bbox 500 3266 743 3332; x_wconf 84' lang='lat' dir='ltr'><strong>eoniunetivum</strong></span> <span class='ocrx_word' id='word_1_265' title='bbox 765 3277 924 3352; x_wconf 82' lang='grc' dir='ltr'><strong><em>περιρρυῇ</em></strong></span> <span class='ocrx_word' id='word_1_266' title='bbox 946 3268 1105 3333; x_wconf 77' lang='lat' dir='ltr'><strong>restituit.</strong></span> <span class='ocrx_word' id='word_1_267' title='bbox 1144 3268 1222 3333; x_wconf 84' lang='lat' dir='ltr'><strong><em>Cum</em></strong></span> <span class='ocrx_word' id='word_1_268' title='bbox 1245 3272 1382 3346; x_wconf 89' lang='lat' dir='ltr'><strong>uterque</strong></span> 
     </span>
     <span class='ocr_line' id='line_1_29' title="bbox 200 3371 1381 3459; baseline 0.003 -24"><span class='ocrx_word' id='word_1_269' title='bbox 200 3372 312 3436; x_wconf 86' lang='lat' dir='ltr'><strong>modus</strong></span> <span class='ocrx_word' id='word_1_270' title='bbox 332 3371 495 3437; x_wconf 83' lang='lat' dir='ltr'><strong>Flaviano</strong></span> <span class='ocrx_word' id='word_1_271' title='bbox 519 3371 596 3436; x_wconf 89' lang='lat' dir='ltr'><strong>stilo</strong></span> <span class='ocrx_word' id='word_1_272' title='bbox 621 3378 718 3453; x_wconf 84' lang='lat' dir='ltr'><strong>aptus</strong></span> <span class='ocrx_word' id='word_1_273' title='bbox 742 3374 801 3459; x_wconf 88' lang='lat' dir='ltr'><strong>sit,</strong></span> <span class='ocrx_word' id='word_1_274' title='bbox 828 3374 891 3438; x_wconf 88' lang='lat' dir='ltr'><strong>soli</strong></span> <span class='ocrx_word' id='word_1_275' title='bbox 914 3379 1024 3439; x_wconf 84' lang='lat' dir='ltr'><strong>autem</strong></span> <span class='ocrx_word' id='word_1_276' title='bbox 1048 3373 1219 3455; x_wconf 78' lang='lat' dir='ltr'><strong>scriptoris</strong></span> <span class='ocrx_word' id='word_1_277' title='bbox 1243 3374 1381 3438; x_wconf 83' lang='lat' dir='ltr'><strong>arbitrio</strong></span> 
     </span>
     <span class='ocr_line' id='line_1_30' title="bbox 200 3478 1382 3564; baseline 0 -21"><span class='ocrx_word' id='word_1_278' title='bbox 200 3478 394 3558; x_wconf 87' lang='lat' dir='ltr'><strong>permissum</strong></span> <span class='ocrx_word' id='word_1_279' title='bbox 425 3478 487 3562; x_wconf 78' lang='lat' dir='ltr'><strong>sit,</strong></span> <span class='ocrx_word' id='word_1_280' title='bbox 518 3483 593 3543; x_wconf 93' lang='lat' dir='ltr'><strong>uter</strong></span> <span class='ocrx_word' id='word_1_281' title='bbox 620 3486 697 3559; x_wconf 87' lang='lat' dir='ltr'><strong>post</strong></span> <span class='ocrx_word' id='word_1_282' title='bbox 720 3482 766 3551; x_wconf 86' lang='grc' dir='ltr'><strong><em>ὡς</em></strong></span> <span class='ocrx_word' id='word_1_283' title='bbox 791 3483 830 3546; x_wconf 81' lang='grc' dir='ltr'><strong><em>ἄν</em></strong></span> <span class='ocrx_word' id='word_1_284' title='bbox 852 3484 1042 3564; x_wconf 76' lang='lat' dir='ltr'><strong>poneretur,</strong></span> <span class='ocrx_word' id='word_1_285' title='bbox 1076 3479 1135 3543; x_wconf 81' lang='lat' dir='ltr'><strong>illo</strong></span> <span class='ocrx_word' id='word_1_286' title='bbox 1164 3480 1312 3558; x_wconf 80' lang='lat' dir='ltr'><strong>quaestio</strong></span> <span class='ocrx_word' id='word_1_287' title='bbox 1341 3499 1382 3544; x_wconf 82' lang='lat' dir='ltr'><strong><em>ex</em></strong></span> 
     </span>
     <span class='ocr_line' id='line_1_31' title="bbox 201 3584 1383 3671; baseline 0 -22"><span class='ocrx_word' id='word_1_288' title='bbox 201 3584 346 3649; x_wconf 86' lang='lat' dir='ltr'><strong>oodiourn</strong></span> <span class='ocrx_word' id='word_1_289' title='bbox 373 3588 502 3649; x_wconf 83' lang='lat' dir='ltr'><strong>tantum</strong></span> <span class='ocrx_word' id='word_1_290' title='bbox 531 3585 730 3650; x_wconf 78' lang='lat' dir='ltr'><strong>auctoritate</strong></span> <span class='ocrx_word' id='word_1_291' title='bbox 754 3587 959 3652; x_wconf 76' lang='lat' dir='ltr'><strong>decernenda</strong></span> <span class='ocrx_word' id='word_1_292' title='bbox 984 3591 1035 3651; x_wconf 89' lang='lat' dir='ltr'><strong><em>est</em></strong></span> <span class='ocrx_word' id='word_1_293' title='bbox 1057 3605 1162 3665; x_wconf 87' lang='lat' dir='ltr'><strong>neque</strong></span> <span class='ocrx_word' id='word_1_294' title='bbox 1186 3585 1297 3671; x_wconf 83' lang='lat' dir='ltr'><strong>video,</strong></span> <span class='ocrx_word' id='word_1_295' title='bbox 1327 3604 1383 3649; x_wconf 87' lang='lat' dir='ltr'><strong>our</strong></span> 
     </span>
     <span class='ocr_line' id='line_1_32' title="bbox 199 3689 805 3772; baseline 0.005 -18"><span class='ocrx_word' id='word_1_296' title='bbox 199 3690 254 3755; x_wconf 85' lang='lat' dir='ltr'><strong><em>hie</em></strong></span> <span class='ocrx_word' id='word_1_297' title='bbox 278 3690 377 3754; x_wconf 86' lang='lat' dir='ltr'><strong>Niese</strong></span> <span class='ocrx_word' id='word_1_298' title='bbox 401 3689 503 3756; x_wconf 88' lang='lat' dir='ltr'><strong>libros</strong></span> <span class='ocrx_word' id='word_1_299' title='bbox 527 3691 586 3755; x_wconf 76' lang='grc' dir='ltr'><strong><em>ΒΟ</em></strong></span> <span class='ocrx_word' id='word_1_300' title='bbox 610 3692 805 3772; x_wconf 80' lang='lat' dir='ltr'><strong>neglexerit.</strong></span> 
     </span>
    </p>

    <p class='ocr_par' dir='ltr' id='par_1_7' title="bbox 200 3796 1383 4305">
     <span class='ocr_line' id='line_1_33' title="bbox 289 3796 1383 3879; baseline 0.001 -20"><span class='ocrx_word' id='word_1_301' title='bbox 289 3796 341 3859; x_wconf 79' lang='lat' dir='ltr'><strong><em>Ex</em></strong></span> <span class='ocrx_word' id='word_1_302' title='bbox 373 3801 445 3861; x_wconf 85' lang='lat' dir='ltr'><strong>tota</strong></span> <span class='ocrx_word' id='word_1_303' title='bbox 478 3802 588 3861; x_wconf 84' lang='lat' dir='ltr'><strong>autem</strong></span> <span class='ocrx_word' id='word_1_304' title='bbox 619 3798 839 3878; x_wconf 87' lang='lat' dir='ltr'><strong>exemplorum</strong></span> <span class='ocrx_word' id='word_1_305' title='bbox 871 3797 956 3863; x_wconf 88' lang='lat' dir='ltr'><strong>serie</strong></span> <span class='ocrx_word' id='word_1_306' title='bbox 984 3801 1124 3879; x_wconf 81' lang='lat' dir='ltr'><strong>apparet</strong></span> <span class='ocrx_word' id='word_1_307' title='bbox 1150 3797 1184 3862; x_wconf 93' lang='lat' dir='ltr'><strong><em>in</em></strong></span> <span class='ocrx_word' id='word_1_308' title='bbox 1217 3797 1383 3862; x_wconf 85' lang='lat' dir='ltr'><strong>modorum</strong></span> 
     </span>
     <span class='ocr_line' id='line_1_34' title="bbox 201 3901 1382 3988; baseline 0 -22"><span class='ocrx_word' id='word_1_309' title='bbox 201 3920 326 3980; x_wconf 88' lang='lat' dir='ltr'><strong>quoque</strong></span> <span class='ocrx_word' id='word_1_310' title='bbox 350 3901 392 3966; x_wconf 84' lang='lat' dir='ltr'><strong><em>ad</em></strong></span> <span class='ocrx_word' id='word_1_311' title='bbox 416 3905 463 3974; x_wconf 84' lang='grc' dir='ltr'><strong><em>ὡς</em></strong></span> <span class='ocrx_word' id='word_1_312' title='bbox 486 3905 526 3966; x_wconf 82' lang='grc' dir='ltr'><strong><em>ἄν</em></strong></span> <span class='ocrx_word' id='word_1_313' title='bbox 549 3903 775 3969; x_wconf 78' lang='lat' dir='ltr'><strong>accedentium</strong></span> <span class='ocrx_word' id='word_1_314' title='bbox 797 3922 857 3969; x_wconf 88' lang='lat' dir='ltr'><strong><em>usu</em></strong></span> <span class='ocrx_word' id='word_1_315' title='bbox 874 3903 1038 3988; x_wconf 80' lang='lat' dir='ltr'><strong>Flavium,</strong></span> <span class='ocrx_word' id='word_1_316' title='bbox 1058 3923 1129 3968; x_wconf 84' lang='lat' dir='ltr'><strong><em>eum</em></strong></span> <span class='ocrx_word' id='word_1_317' title='bbox 1145 3903 1329 3984; x_wconf 79' lang='lat' dir='ltr'><strong>optativum</strong></span> <span class='ocrx_word' id='word_1_318' title='bbox 1348 3902 1382 3966; x_wconf 95' lang='lat' dir='ltr'><strong><em>in</em></strong></span> 
     </span>
     <span class='ocr_line' id='line_1_35' title="bbox 200 4007 1382 4093; baseline 0.001 -22"><span class='ocrx_word' id='word_1_319' title='bbox 200 4007 281 4071; x_wconf 89' lang='lat' dir='ltr'><strong>belli</strong></span> <span class='ocrx_word' id='word_1_320' title='bbox 293 4007 421 4072; x_wconf 84' lang='lat' dir='ltr'><strong>Iudaioi</strong></span> <span class='ocrx_word' id='word_1_321' title='bbox 433 4007 529 4072; x_wconf 91' lang='lat' dir='ltr'><strong>libris</strong></span> <span class='ocrx_word' id='word_1_322' title='bbox 541 4009 654 4093; x_wconf 86' lang='lat' dir='ltr'><strong>solum,</strong></span> <span class='ocrx_word' id='word_1_323' title='bbox 674 4010 707 4075; x_wconf 90' lang='lat' dir='ltr'><strong><em>in</em></strong></span> <span class='ocrx_word' id='word_1_324' title='bbox 725 4009 979 4088; x_wconf 84' lang='lat' dir='ltr'><strong>antiquitatibus</strong></span> <span class='ocrx_word' id='word_1_325' title='bbox 992 4009 1093 4074; x_wconf 88' lang='lat' dir='ltr'><strong>multo</strong></span> <span class='ocrx_word' id='word_1_326' title='bbox 1107 4008 1253 4073; x_wconf 84' lang='lat' dir='ltr'><strong>erebrius</strong></span> <span class='ocrx_word' id='word_1_327' title='bbox 1269 4008 1382 4092; x_wconf 81' lang='lat' dir='ltr'><strong>eligat,</strong></span> 
     </span>
     <span class='ocr_line' id='line_1_36' title="bbox 205 4113 1382 4196; baseline 0.001 -20"><span class='ocrx_word' id='word_1_328' title='bbox 205 4114 246 4177; x_wconf 83' lang='lat' dir='ltr'><strong><em>ob</em></strong></span> <span class='ocrx_word' id='word_1_329' title='bbox 259 4113 447 4179; x_wconf 77' lang='lat' dir='ltr'><strong>Atticorum</strong></span> <span class='ocrx_word' id='word_1_330' title='bbox 465 4116 593 4181; x_wconf 85' lang='lat' dir='ltr'><strong>ratione</strong></span> <span class='ocrx_word' id='word_1_331' title='bbox 614 4116 774 4181; x_wconf 81' lang='lat' dir='ltr'><strong>dissidere</strong></span> <span class='ocrx_word' id='word_1_332' title='bbox 793 4120 827 4179; x_wconf 93' lang='lat' dir='ltr'><strong><em>et</em></strong></span> <span class='ocrx_word' id='word_1_333' title='bbox 846 4134 917 4180; x_wconf 24' lang='lat' dir='ltr'><strong><em>erum</em></strong></span> <span class='ocrx_word' id='word_1_334' title='bbox 931 4116 1168 4196; x_wconf 83' lang='lat' dir='ltr'><strong>posterioribus</strong></span> <span class='ocrx_word' id='word_1_335' title='bbox 1190 4120 1224 4178; x_wconf 90' lang='lat' dir='ltr'><strong><em>et</em></strong></span> <span class='ocrx_word' id='word_1_336' title='bbox 1245 4114 1382 4194; x_wconf 78' lang='lat' dir='ltr'><strong>scripto-</strong></span> 
     </span>
     <span class='ocr_line' id='line_1_37' title="bbox 200 4218 1382 4305; baseline 0.001 -24"><span class='ocrx_word' id='word_1_337' title='bbox 200 4218 290 4282; x_wconf 87' lang='lat' dir='ltr'><strong>ribus</strong></span> <span class='ocrx_word' id='word_1_338' title='bbox 319 4224 353 4282; x_wconf 89' lang='lat' dir='ltr'><strong><em>et</em></strong></span> <span class='ocrx_word' id='word_1_339' title='bbox 380 4220 651 4302; x_wconf 75' lang='lat' dir='ltr'><strong>inscriptionibus</strong></span> <span class='ocrx_word' id='word_1_340' title='bbox 684 4222 739 4305; x_wconf 83' lang='lat' dir='ltr'><strong>(of.</strong></span> <span class='ocrx_word' id='word_1_341' title='bbox 764 4222 888 4286; x_wconf 87' lang='lat' dir='ltr'><strong>Weber</strong></span> <span class='ocrx_word' id='word_1_342' title='bbox 911 4222 956 4305; x_wconf 89' lang='lat' dir='ltr'><strong><em>H,</em></strong></span> <span class='ocrx_word' id='word_1_343' title='bbox 980 4241 1011 4302; x_wconf 84' lang='lat' dir='ltr'><strong><em>p.</em></strong></span> <span class='ocrx_word' id='word_1_344' title='bbox 1036 4219 1066 4305; x_wconf 81' lang='lat'><strong><em>3,</em></strong></span> <span class='ocrx_word' id='word_1_345' title='bbox 1091 4221 1158 4303; x_wconf 79' lang='grc' dir='ltr'><strong><em>ΠΙ)</em></strong></span> <span class='ocrx_word' id='word_1_346' title='bbox 1183 4219 1382 4299; x_wconf 83' lang='lat' dir='ltr'><strong>conspirare.</strong></span> 
     </span>
    </p>

    <p class='ocr_par' dir='ltr' id='par_1_8' title="bbox 201 4324 1383 4518">
     <span class='ocr_line' id='line_1_38' title="bbox 290 4324 1383 4410; baseline 0 -21"><span class='ocrx_word' id='word_1_347' title='bbox 290 4324 419 4391; x_wconf 82' lang='lat' dir='ltr'><strong>Finolis</strong></span> <span class='ocrx_word' id='word_1_348' title='bbox 439 4326 603 4391; x_wconf 81' lang='lat' dir='ltr'><strong>enuntiati</strong></span> <span class='ocrx_word' id='word_1_349' title='bbox 621 4331 734 4407; x_wconf 86' lang='lat' dir='ltr'><strong>partes</strong></span> <span class='ocrx_word' id='word_1_350' title='bbox 747 4328 770 4392; x_wconf 83' lang='lat' dir='ltr'>J</span> <span class='ocrx_word' id='word_1_351' title='bbox 772 4328 923 4410; x_wconf 83' lang='lat' dir='ltr'><strong>osephus,</strong></span> <span class='ocrx_word' id='word_1_352' title='bbox 942 4334 979 4391; x_wconf 92' lang='lat' dir='ltr'><strong><em>ut</em></strong></span> <span class='ocrx_word' id='word_1_353' title='bbox 995 4326 1108 4410; x_wconf 81' lang='lat' dir='ltr'><strong>reteri,</strong></span> <span class='ocrx_word' id='word_1_354' title='bbox 1128 4327 1171 4391; x_wconf 83' lang='lat' dir='ltr'><strong><em>ad</em></strong></span> <span class='ocrx_word' id='word_1_355' title='bbox 1185 4325 1383 4391; x_wconf 84' lang='lat' dir='ltr'><strong>infinitivum</strong></span> 
     </span>
     <span class='ocr_line' id='line_1_39' title="bbox 201 4432 1382 4518; baseline 0.003 -25"><span class='ocrx_word' id='word_1_356' title='bbox 201 4449 242 4494; x_wconf 81' lang='lat' dir='ltr'><strong><em>ex</em></strong></span> <span class='ocrx_word' id='word_1_357' title='bbox 273 4433 517 4513; x_wconf 83' lang='lat' dir='ltr'><strong>praepositione</strong></span> <span class='ocrx_word' id='word_1_358' title='bbox 549 4433 746 4514; x_wconf 86' lang='lat' dir='ltr'><strong>pendentem</strong></span> <span class='ocrx_word' id='word_1_359' title='bbox 777 4433 913 4518; x_wconf 84' lang='lat' dir='ltr'><strong>detulit,</strong></span> <span class='ocrx_word' id='word_1_360' title='bbox 952 4433 992 4497; x_wconf 88' lang='lat' dir='ltr'><strong><em>de</em></strong></span> <span class='ocrx_word' id='word_1_361' title='bbox 1026 4450 1089 4510; x_wconf 81' lang='lat' dir='ltr'><strong><em>qua</em></strong></span> <span class='ocrx_word' id='word_1_362' title='bbox 1121 4451 1157 4498; x_wconf 88' lang='lat' dir='ltr'><strong>re</strong></span> <span class='ocrx_word' id='word_1_363' title='bbox 1185 4432 1382 4513; x_wconf 82' lang='lat' dir='ltr'><strong>pervulgata</strong></span> 
     </span>
    </p>
   </div>
   <div class='ocr_carea' id='block_1_7' title="bbox 0 0 1628 5170">
    <p class='ocr_par' dir='ltr' id='par_1_9' title="bbox 0 0 1628 5170">
     <span class='ocr_line' id='line_1_40' title="bbox 0 0 1628 5170; baseline 0 0"><span class='ocrx_word' id='word_1_364' title='bbox 0 0 1628 5170; x_wconf 95' lang='lat' dir='ltr'><strong><em> </em></strong></span> 
     </span>
    </p>
   </div>
  </div>
 </body>
</html>
