3240 5170
654 312 929 407 ‚--rew

234 505 404 599 ἀνσμάριοι
437 518 493 599 σὴν
528 519 677 599 ἐργασίαν
713 516 973 597 ἀναπληρώσωσι
999 513 1111 594 (Niese
1145 512 1415 595 ἀναπληρώσονσι

233 621 383 704 coniecit,
398 622 507 686 Nabar
522 620 684 685 Dindbrfii
697 625 793 705 μέχρι
807 625 847 684 ἀν
862 659 901 665 -
913 621 1172 711 ἀναπληρώσωσι
1187 617 1365 699 probavit).
1374 653 1412 659 -

235 729 282 809 X,
313 725 390 792 199:
424 727 553 792 Κελεύει
584 766 623 771 ——
654 731 792 811 ἐπισχεῖν
886 730 948 795 ἕως
979 735 1046 808 γνῷ
1074 726 1130 806 τὴν
1160 727 1330 807 ὑπόσχεσιν
1359 724 1415 804 τὴν

234 835 392 917 Δανιήλου
418 833 542 915 (Nabar
565 837 627 904 ἕως
652 837 690 896 ἂν
714 843 782 915 γνῷ
806 832 949 913 scripsit,
975 831 1089 901 mirum
1112 829 1146 894 in
1170 829 1297 893 modum
1318 827 1416 891 Niese

231 940 293 1003 lroo
316 939 387 1003 looo
412 940 559 1004 codicum
582 939 756 1003 lectionem
776 958 839 1002 non
858 937 997 1020 tetigit).
1015 976 1054 981 ψ
1071 935 1168 1011 xlii,
1185 934 1214 1019 1,
1231 933 1264 999 2:
1288 935 1414 1016 Πέμπει

233 1046 286 1110 τὸν
301 1046 442 1128 ἀδελφὸν
453 1036 608 1128 Ἰωάννην
624 1084 664 1090 ——
681 1049 730 1108 ἵνα
744 1034 818 1127 παρ’
835 1048 943 1115 αὐτοῖς
963 1046 1124 1128 ἀπόθηται
1143 1045 1200 1126 τὴν
1220 1044 1415 1123 ἀποσκευήν,

233 1155 295 1222 ἕως
320 1150 358 1215 οὗ
376 1189 416 1195 -
436 1154 671 1236 πολεμήσωσιν.
718 1151 797 1216 Vita
818 1148 895 1214 274:
922 1150 1082 1232 (Ἔλεγον)
1102 1152 1281 1231 περιμένειν
1306 1149 1332 1213 δ’
1353 1151 1416 1217 ἕως

237 1259 420 1341 ὑποχείριον
452 1259 506 1321 τὸν
537 1258 692 1340 Ἰωάννην
726 1261 913 1340 ποιήσωσιν.
965 1252 1043 1319 307:
1076 1256 1264 1337 Περιμένειν
1299 1254 1416 1323 αὐτοὺς

234 1365 375 1427 κελεύων
391 1365 454 1432 ἕως
468 1366 640 1446 μάθωμεν.
674 1360 752 1426 352:
773 1363 881 1447 Ὑμεῖς
906 1365 1013 1427 δὲκαὶ
1036 1354 1250 1444 περιεμείνατε
1267 1361 1414 1425 Οὐεσπα-

234 1472 351 1541 σιανόν,
377 1473 439 1540 ἕως
463 1471 558 1539 αὐτός
580 1508 619 1514 »-
639 1471 805 1552 προσέλθῃ
823 1469 1044 1550 (Havel'canrp
1065 1473 1099 1531 et
1118 1467 1293 1548 Oberthi'll',
1312 1491 1414 1548 προσ-

235 1578 323 1640 έλθοι
347 1576 490 1655 Bekkor,
516 1573 638 1656 Niese).
675 1572 752 1639 387:
777 1575 999 1659 Προσμείνατε
1024 1576 1059 1638 δὲ
1081 1577 1176 1657 μέχρι
1200 1575 1274 1644 τοὺς
1297 1575 1416 1643 αἰτίους

235 1684 379 1765 ἀκριβῶς
407 1683 556 1764 ἐκμάθω.
587 1719 624 1724 —
665 1682 701 1744 B.
727 1683 759 1746 λ.
785 1681 847 1761 ΠΙ,
873 1677 902 1751 7,
928 1677 985 1745 25:
1015 1680 1248 1764 Ὑποχωρῆσαί
1274 1705 1305 1742 τε
1333 1680 1417 1761 πρὸς

235 1790 341 1870 ὀλίγον
370 1790 433 1857 ἕως
461 1787 516 1857 τὰς
544 1791 707 1870 φαρέτρας
734 1791 920 1852 κενώσωσιν
948 1791 980 1851 ολ
1006 1789 1140 1862 τοξόται.
1167 1825 1205 1831 *-
1239 1786 1278 1863 l',
1305 1781 1356 1867 11,
1383 1781 1416 1849 2:

231 1893 450 1981 Ἐργᾴσασάαι
476 1896 502 1957 δ’
527 1896 587 1957 ὅσα
612 1899 650 1957 ἀν
676 1896 833 1958 δύνωνται
856 1894 942 1957 κακὰ
959 1893 1140 1975 Ῥωμαίους
1164 1895 1225 1963 ἕως
1245 1895 1416 1975 ἐμπνέωσι.

322 1999 495 2063 Librorum
528 2000 821 2080 manuscriptorum
856 2000 888 2063 in
922 1997 1080 2063 eiusmodi
1112 1998 1286 2063 structuris
1314 2000 1418 2062 rerba

234 2125 299 2170 non
313 2106 406 2170 modo
425 2104 534 2169 Flavii
550 2105 607 2169 sed
628 2109 728 2169 etiam
744 2105 875 2186 Polybii
896 2112 929 2168 et
946 2104 1096 2186 Dionysii
1111 2104 1417 2169 Halicarnassensis

237 2212 343 2275 Krebs
374 2211 798 2292 (Prepesitionsadverbien
823 2212 857 2274 ll
881 2231 911 2291 p.
937 2209 978 2275 16
1007 2211 1041 2275 in
1069 2210 1282 2275 annotatione
1310 2212 1417 2275 textui

235 2318 435 2400 subscripta)
460 2322 587 2382 tutatus
612 2322 673 2401 est,
698 2317 752 2396 qui
776 2316 883 2382 studio
904 2318 1098 2382 elocutionis
1116 2316 1296 2381 variandae
1315 2317 1417 2397 scrip-

235 2434 323 2487 tores
356 2423 433 2487 illas
467 2423 726 2487 constructiones
764 2424 934 2488 adamasse
968 2424 1088 2489 docuit,
1144 2424 1228 2488 Huic
1262 2423 1417 2497 assentiri

235 2530 399 2611 debemus,
419 2522 614 2609 praesertim
638 2549 709 2594 cum
732 2531 852 2615 nudum
875 2530 1116 2595 coniunctionum
1139 2531 1292 2611 neglecta
1316 2530 1417 2609 parti·
1447 2560 1449 2571 ·

236 2636 308 2700 cula
333 2640 372 2699 ἀν
395 2635 428 2699 in
453 2634 644 2700 enuntiatis.
657 2637 891 2716 temporalibus
920 2636 1145 2716 similibusque
1169 2656 1232 2700 non
1256 2637 1359 2700 solum
1383 2636 1417 2699 in

238 2740 370 2806 Homeri
402 2742 460 2805 sed
489 2742 588 2806 etiam
616 2742 651 2806 in
678 2741 878 2821 tragicorum
904 2762 964 2806 usu
992 2741 1093 2807 fuisse
1123 2748 1156 2806 et
1182 2742 1349 2807 rarissime
1383 2742 1419 2819 in

235 2847 387 2927 operibus
411 2849 518 2912 soluta
543 2848 690 2912 oratione
715 2848 873 2912 confectis
896 2849 1003 2928 repeti
1023 2868 1040 2912 a
1061 2848 1285 2929 grammaticis
1305 2867 1417 2912 conce-

237 2953 347 3034 datur,-
383 2954 424 3017 cl.
450 2953 604 3018 Kuelrner
629 2955 677 3028 H,
708 2951 725 3017 1
751 2956 768 3032 ‚t
793 2951 857 3018 398
886 2975 960 3019 rann.
986 2952 1006 3017 2
1035 2957 1079 3036 (p.
1100 2952 1164 3018 aba
1189 2957 1267 3037 sq.);
1301 2954 1417 3018 Winer

236 3056 263 3124 15
275 3079 300 3123 c.
318 3062 334 3143 ξ
349 3057 402 3141 41,
419 3058 437 3121 3
454 3064 498 3140 (p.
516 3057 604 3143 266).
651 3062 740 3142 quem
760 3059 959 3139 singularem
974 3081 1065 3126 usum
1081 3081 1137 3126 cm·
1151 3062 1173 3125 J
1176 3061 1331 3140 osephum
1351 3080 1415 3123 arn-

235 3166 365 3246 plexum
394 3185 465 3229 esse
493 3184 661 3248 negemus,
698 3166 816 3246 quippe
845 3187 938 3245 quern
966 3167 1050 3232 alias
1083 3186 1207 3247 quoque
1235 3186 1302 3247 res,
1336 3185 1416 3244 quas

236 3271 360 3351 priores
384 3290 482 3350 parce
507 3270 718 3335 admisissent
741 3278 775 3336 et
799 3274 892 3352 quasi
916 3272 1145 3356 deliquissent,
1175 3273 1225 3337 sui
1249 3274 1358 3338 facere
1383 3277 1416 3336 et

235 3377 268 3441 in
293 3377 334 3441 iis
357 3377 484 3441 versari
508 3377 672 3441 studuisse
696 3378 894 3443 viderimus?

324 3483 483 3547 Similiter
507 3488 615 3546 autem
639 3484 679 3547 de
702 3484 744 3548 iis
768 3486 926 3565 exemplis
950 3486 1193 3569 diiudicaveris,
1219 3505 1301 3565 quae
1325 3494 1416 3565 opta-

236 3589 339 3652 tivum
364 3608 435 3653 cum
463 3593 502 3653 ἄν
531 3591 736 3655 coniunctum
768 3591 904 3656 habent:
922 3657 923 3660 ,
940 3594 980 3657 Α.
1007 3593 1064 3671 IV,
1090 3591 1168 3657 143:
1201 3597 1263 3664 ἕως
1292 3584 1334 3656 ἔτι
1362 3596 1416 3656 καὶ
1497 3612 1506 3627 ·

234 3699 343 3766 καλῶς
372 3699 411 3759 ἂν
440 3699 547 3766 αὐτοῖς
576 3700 643 3780 ἔχει
674 3701 726 3773 (ἄν
754 3698 858 3762 deleri
890 3700 964 3762 vult
992 3699 1103 3781 Niese,
1139 3699 1248 3765 Naber
1279 3700 1415 3782 retinet3

235 3802 450 3867 collocatione
474 3802 662 3881 particulae.
681 3805 719 3865 ἄν
743 3810 881 3883 apparet
904 3804 964 3868 hoc
984 3806 1166 3885 exemplum
1191 3826 1262 3871 cum
1281 3826 1416 3886 sequen-

234 3907 323 3972 tibus
347 3908 545 3987 discrepare.
570 3911 609 3972 ἀν
689 3912 757 3991 ἔχει
781 3909 965 3989 elegantius
990 3918 1025 3974 ut
1048 3911 1096 3975 ita
1121 3912 1227 3976 dicam
1251 3933 1308 3994 pro
1332 3912 1415 3977 indi-

234 4014 342 4078 cativo
367 4018 430 4097 ἔχει
453 4013 548 4096 ferri3
563 4013 785 4098 indicativum
804 4020 913 4080 autem
936 4015 1022 4080 intra
1048 4017 1227 4083 orationem
1252 4019 1416 4098 obliquam

235 4119 310 4198 poni
334 4138 430 4199 posse
455 4118 541 4183 infra
565 4119 818 4202 demonstrabo).
846 4160 885 4164 —
920 4122 999 4199 XII,
1026 4120 1054 4205 7,
1081 4120 1113 4187 6:
1147 4126 1221 4208 ἄχρι
1245 4129 1284 4192 ἂν
1308 4127 1415 4196 αὐτοῖς

234 4226 288 4288 τὸν
313 4227 390 4289 ναὸν
415 4228 613 4306 ἀγνίσειε.ψ
641 4215 1294 4312 XIV,13,5:i‘orcdvoottdliorrv.-
1322 4231 1413 4313 Xll',
1493 4269 1495 4274 ·
1595 4296 1598 4307 η

236 4327 286 4411 15,
311 4329 344 4395 8:
379 4334 441 4401 ἕως
465 4335 503 4394 ἂν
529 4369 568 4374 -
595 4333 726 4405 ἔλθοιεν.
775 4331 864 4413 Quae
888 4334 1023 4416 locutio,
1052 4342 1088 4398 ut
1116 4340 1167 4398 est
1195 4337 1280 4415 apud
1308 4355 1414 4417 gram-

232 4436 371 4500 maticos
396 4436 450 4517 (cf.
467 4436 680 4519 Kuehnerll⁷
707 4434 726 4499 ‘2
751 4435 857 4521 ,8591
882 4437 901 4502 l
927 4459 956 4519 p.
974 4436 1059 4504 1054
1084 4446 1117 4503 et
1142 4440 1413 4523 anrr.4p.1()bb
