3240 5170
734 289 948 356 „3⁸2-

247 479 378 561 legatur
402 479 532 545 Wineri
555 497 689 561 gramm.
715 484 732 561 ξ
758 480 812 566 44,
838 478 856 543 6
883 483 927 563 (p.
953 477 1031 561 294)
1060 485 1094 542 et
1117 497 1192 542 ann.
1217 476 1270 542 Ab
1285 478 1432 558 Josepho

247 586 295 651 sic
328 586 527 651 adhibentur
558 586 820 668 praepositiones
851 590 895 657 εἰς
926 586 1018 651 velut
1050 586 1092 649 Α.
1116 584 1167 667 ΙΙ,
1191 582 1234 646 45
1263 586 1433 667 σκήπτεται

247 695 345 757 νόσον
375 694 462 775 πρὸς
492 694 546 757 τὸν
579 695 682 777 ἄνδρα
714 696 896 777 θηρωμένη
925 695 1070 775 μόνωσιν
1098 692 1153 754 καὶ
1181 691 1301 774 σχολὴν
1324 694 1369 761 εἷς
1396 691 1432 753 τὸ

248 801 419 883 δεηθῆναι,
444 797 598 864 Similiter
622 800 662 864 Α.
688 799 747 882 IV,
771 797 802 883 4,
828 799 868 882 V,
893 796 946 881 53,
977 797 1053 881 VH,
1080 794 1143 860 165
1170 834 1209 840 -
1234 798 1318 880 πρὸς
1341 796 1434 861 Velut

248 904 288 969 Α.
314 903 381 987 ΙΙΙ,
408 901 485 968 121:
529 905 631 969 Τοῦτο
661 909 770 989 μέντοι
801 907 884 987 πρὸς
915 905 950 967 τὸ
982 905 1066 986 μήθ’
1097 906 1153 967 ὑπ’
1188 904 1319 984 ἀνέμων
1351 927 1432 984 κρα-

249 1012 414 1074 δαίνεσθαι
437 1012 512 1094 μήτ’
539 1012 636 1094 ἄλλης
659 1015 758 1082 αἰτίας
781 1011 838 1094 τὴν
862 1011 985 1094 σκηνὴν
1010 1018 1142 1093 συνεῖχε,
1166 993 1229 1092 HI,
1255 1004 1329 1090 165,
1355 1004 1433 1089 1713

249 1115 330 1209 VII,
355 1113 419 1181 394
445 1155 485 1162 -
511 1118 564 1180 ἐπί
590 1135 662 1182 cum
692 1116 804 1181 dativo
829 1115 869 1181 A.
895 1116 944 1200 Π,
970 1115 1047 1182 137:
1079 1118 1151 1181 Τῶν
1176 1117 1211 1179 δὲ
1234 1115 1432 1196 παραδιδόν-

248 1248 313 1287 των
336 1223 455 1293 αὑτοὺς
478 1225 522 1293 εἰς
540 1224 672 1287 κόλασιν
692 1224 743 1287 ἐπὶ
761 1232 808 1305 τῷ
828 1226 991 1298 σώζεσθαι
1010 1225 1164 1306 Βενιαμίν
1183 1222 1259 1294 κτλ,
1284 1219 1361 1303 VH,
1375 1216 1433 1301 323

248 1328 362 1393 eadem
386 1332 562 1413 structura,
587 1335 623 1394 11
646 1328 705 1393 fiat
723 1329 880 1413 varietas,
905 1332 997 1401 ὅπως
1016 1324 1238 1394 coniunctioni
1256 1324 1434 1405 respondet

248 1433 293 1518 ΙΙ,
314 1432 371 1499 851
393 1435 432 1499 ‘O
450 1435 529 1505 θεὸς
553 1437 614 1499 οὐκ
638 1437 689 1499 ἐπὶ
711 1445 759 1518 τῴ
782 1438 891 1501 λυπεῖν
914 1437 951 1500 τὰ
974 1437 1130 1519 μέλλοντα
1153 1441 1219 1527 τοῖς
1242 1434 1433 1515 ἀνθρώποις

248 1542 492 1630 προδείκνυσιν,
536 1542 604 1605 ἀλλ’
644 1543 736 1612 ὅπως
774 1542 1032 1626 προυγνωκότες
1063 1543 1267 1624 κουφοτέρας
1311 1541 1433 1602 συνέσει

248 1651 402 1709 ποιῶνται
432 1646 488 1717 τὰς
518 1649 630 1729 πείρας
660 1654 725 1711 τῶν
757 1651 1024 1733 κατηγγελμένων
1055 1647 1141 1711 sicut
1164 1646 1247 1728 VH,
1273 1641 1314 1708 37
1340 1646 1432 1707 ἕνεκα

249 1769 320 1816 cum
355 1750 518 1817 infinitivo
554 1753 762 1819 substantivo
798 1754 997 1820 contrarium
1032 1759 1095 1819 est:
1135 1755 1195 1817 ὅσα
1228 1754 1283 1815 καὶ
1313 1734 1433 1834 πηλίκα

249 1859 410 1941 τολμῶσιν
434 1860 608 1942 ἄνθρωποι
630 1862 814 1935 πλεονεξίας
838 1862 940 1925 ἕνεκα
956 1862 1011 1925 καὶ
1034 1864 1136 1943 ἀργῆς
1159 1860 1215 1922 καὶ
1237 1865 1294 1921 τοῦ
1317 1858 1433 1942 μηδενὶ

248 1966 372 2028 τούτων
395 1974 642 2050 παραχωρῆσαι.
689 1965 839 2046 Denique
871 1969 952 2051 ὑπὲρ
985 1985 1056 2030 cnm
1088 1963 1242 2046 genetivo
1275 1962 1434 2027 infinitivi

249 2068 315 2136 Vin]
339 2068 470 2134 finalem
493 2071 607 2136 habet:
640 2072 680 2137 A.
706 2072 737 2156 I,
763 2069 804 2135 70
829 2073 928 2156 Ὑπὲρ
954 2074 989 2137 δὲ
1012 2079 1069 2135 τοῦ
1092 2072 1137 2154 μὴ
1170 2072 1335 2152 διαφυγεῖν
1358 2071 1434 2140 τοὺς

250 2177 451 2259 ἀνθρώπους
482 2179 519 2241 τὰ
553 2180 720 2261 ηὑρημένα
748 2217 786 2223 -
819 2181 934 2262 στήλας
967 2181 1027 2242 (irio
1060 2179 1273 2260 ποιησάμενοι
1301 2213 1341 2219 —
1367 2177 1433 2239 ε’νέ-

250 2307 390 2365 γραιγαν,
415 2282 441 2365 Ι,
466 2280 545 2365 205;
570 2282 614 2367 H,
639 2280 696 2366 963
720 2281 865 2367 ΙΙ,221,1;
890 2285 953 2369 ΙΙΙ,
972 2282 1051 2366 161;
1076 2283 1134 2367 IV,
1157 2279 1236 2366 167;
1261 2282 1337 2364 VH,
1353 2278 1433 2364 2363

250 2387 292 2473 X,
319 2385 398 2471 1003
422 2388 501 2471 XII,
527 2386 556 2472 9,
582 2386 612 2453 5.

336 2494 477 2559 Accedit
506 2494 591 2574 quod
620 2495 865 2561 coniunctiones
893 2495 1009 2562 finales
1039 2516 1058 2560 a
1086 2495 1232 2576 Josepho
1264 2494 1436 2559 etiamtum

247 2606 460 2684 usurpantur,
486 2620 557 2665 cum
581 2601 750 2666 meliorum
773 2601 939 2667 scribendi
962 2602 1048 2668 ratio
1073 2601 1273 2666 infinitivum
1296 2601 1436 2666 mavult:

248 2705 435 2772 adiciuntur
470 2705 555 2771 enirn
587 2710 636 2771 ἵνα
668 2713 702 2771 11
733 2710 825 2778 ὅπως
854 2713 888 2772 11
917 2714 1018 2773 —ut
1050 2707 1084 2772 id
1118 2707 1311 2791 anticipem,
1350 2706 1436 2785 quod

247 2811 334 2877 infra
354 2813 528 2897 attingam,
547 2850 586 2858 —
608 2813 819 2879 consecutiva
839 2814 1003 2894 111111111
1022 2816 1104 2878 ὥστε
1123 2814 1166 2878 ad
1185 2815 1288 2878 verba
1307 2813 1433 2895 orandi,

249 2919 458 3003 admonendi,
489 2918 687 3004 imperandi,
721 2919 787 2983 1111
820 2919 855 2984 id
884 2938 997 3001 genus.
1044 2919 1114 2983 Has
1145 2923 1328 2983 strnotmas
1351 2938 1436 2983 nea

248 3024 417 3089 meliorum
441 3024 571 3105 quidem
594 3025 759 3091 locutione
779 3044 911 3106 prorsus
931 3026 1058 3090 alienas
1082 3044 1154 3091 esse
1174 3025 1331 3114 Kuehner
1350 3025 1395 3108 ΙΙ,
1415 3022 1435 3088 2

249 3128 355 3213 §473
391 3151 465 3197 ann.
492 3129 511 3195 6
548 3135 592 3215 (p.
622 3129 703 3216 578,
732 3129 811 3215 579)
848 3131 1123 3197 commemoravit.
1183 3131 1435 3197 Consecutivum

249 3244 357 3302 antem
382 3256 527 3321 sensnm,
564 3257 658 3317 quem
682 3238 739 3303 ille
763 3238 996 3319 grammaticus
1019 3238 1054 3303 in
1078 3237 1237 3303 eiusmodi
1260 3237 1436 3302 sententiis

249 3362 308 3423 per
326 3345 409 3408 ὥστε
428 3343 592 3408 incohatis
612 3363 685 3409 esse
704 3343 953 3430 interpretatur,
980 3344 1116 3410 Flavius
1136 3343 1285 3408 omisisse
1305 3343 1437 3408 videtur

250 3448 467 3529 similiterque
500 3449 534 3515 in
561 3450 715 3517 finalibus
744 3451 924 3515 enuntiatis
953 3451 1199 3515 coniunctiones
1229 3455 1373 3515 mutasse
1402 3455 1436 3514 et

250 3554 420 3620 miscuisse
453 3561 551 3635 atque
584 3555 618 3621 in
651 3557 885 3641 consecutivis,
920 3563 957 3621 ut
990 3557 1076 3622 infra
1111 3556 1270 3637 exemplis
1305 3555 1435 3620 demon-

250 3663 377 3744 strabo,
417 3660 569 3726 finalibus
604 3661 777 3743 particulis
812 3663 918 3727 locum
949 3662 1092 3728 dederit.
1132 3658 1307 3742 ¹Simulque
1342 3663 1434 3726 111111

250 3766 513 3832 coniunctionum
555 3788 614 3849 pro
656 3769 820 3835 infinitivo
862 3789 955 3834 usum
997 3768 1197 3851 propagavit
1238 3788 1358 3847 easque
1400 3769 1435 3833 in

250 3873 363 3937 eodem
398 3875 499 3938 verbo
534 3874 689 3942 11111111.
738 3877 792 3942 Sic
827 3879 928 3942 verbo
965 3879 1122 3960 δεηθῆναι
1151 3874 1259 3940 Attici
1294 3875 1434 3956 plerum-

251 3998 312 4058 que
339 3976 553 4063 infinitivum,
583 3980 719 4047 Flavius
756 3984 849 4048 modo
898 3986 990 4051 ὅπως
1038 3982 1092 4063 (Α.
1125 3980 1206 4062 VH,
1243 3977 1306 4044 191
1340 3984 1431 4045 ἐδεῖτ’

250 4087 350 4149 αὐτοῦ
398 4087 512 4158 τελέως
562 4089 786 4171 καταπραῧναι
819 4091 874 4154 τὸν
907 4091 1028 4171 πατέρα
1062 4088 1116 4152 καὶ
1153 4088 1310 4170 δεηθῆναι
1342 4089 1434 4158 ὅπως

250 4193 341 4275 αὐτῷ
364 4196 576 4278 συγχωρήσῃ,
606 4213 668 4273 qno
697 4195 845 4276 exemplo
874 4194 964 4276 prior
990 4191 1177 4257 Atticorum
1206 4198 1373 4257 structura
1401 4200 1436 4258 et

250 4297 413 4377 posterior
437 4298 687 4380 coniunguntur.
712 4340 753 4346 —-
793 4301 841 4384 X,
868 4297 946 4364 176:
979 4299 1252 4383 Παρακαλοῦπες
1277 4301 1433 4382 δεηθῆναι

250 4411 306 4468 τοῦ
329 4406 408 4469 θεοῦ
428 4407 519 4476 ὅπως
537 4443 577 4450 —-
597 4407 760 4490 ὑποδείξῃ.
775 4445 816 4452 -
845 4406 925 4490 XII,
942 4404 973 4490 4,
990 4404 1026 4469 8;
1053 4406 1116 4488 Τῆς
1141 4407 1176 4469 δὲ
1199 4412 1255 4469 τοῦ
1277 4407 1434 4487 Ἀρίωνος
