3240 5170
730 313 946 379 -13--

247 503 312 584 (ed.
336 503 458 585 Bekk.)
484 506 624 568 ε’πίστενε
648 506 684 568 δὲ
706 515 754 588 τῷ
778 507 928 586 Δοσιθέῳ
953 505 1192 585 θεραπεύοντας
1215 507 1315 569 αὐτοῦ
1339 503 1375 586 (i.
1400 523 1428 567 e.

247 611 422 691 Δοσιθέου)
447 612 502 674 καί
525 612 623 674 αὐτὸν
646 614 700 675 καὶ
723 612 780 694 τὴν
800 612 1022 692 Ἀλεξάνδρον.
1048 647 1087 653 -
1126 609 1240 693 XVII,
1266 607 1344 674 100:
1375 613 1429 674 καί

245 723 302 779 τοῦ
329 717 538 798 Ἀντιπάτρου
569 718 650 780 κατὰ
683 719 900 798 δικαιολογίαν
930 717 1013 797 πρὸς
1048 717 1103 778 τὸν
1137 720 1259 799 πατέρα
1295 742 1428 800 τετραμ-

176 846 185 855 “
245 824 347 903 μένου
370 823 426 885 καί
448 824 553 886 ὁπόσα
577 824 820 906 παραδείγματα
844 831 899 906 τῆς
923 825 1049 892 εὐνοίας
1071 823 1154 904 πρὸς
1177 823 1274 886 αὐτὸν
1296 825 1427 896 διεξιόν-

245 953 300 998 τος
332 929 388 998 τὰς
418 929 511 1010 τιμὰς
541 931 792 1011 προφερόμενος
824 930 883 1011 (sc.
916 929 1171 1009 ὁἌντίπατρος)
1195 930 1260 992 κτλ.
1294 928 1429 993 verbum

247 1037 309 1117 ἔιγη
343 1033 537 1114 suppleatur
568 1036 610 1099 ad
642 1042 832 1114 sequentem
863 1034 1055 1099 orationem.
1086 1072 1125 1079 -
1164 1034 1312 1099 Eandem
1348 1054 1428 1117 rem,

246 1158 342 1218 quam
360 1140 551 1219 praemissis
570 1141 729 1221 exemplis
750 1140 927 1223 illustravi,
953 1139 1061 1204 obiter
1074 1140 1235 1205 tractavit
1250 1140 1427 1205 Holwerda

246 1245 268 1309 l.
293 1264 320 1309 c.
345 1266 376 1326 p.
401 1244 442 1309 41
468 1265 516 1326 sq.
542 1247 584 1310 ad
609 1247 653 1327 ll,
680 1244 731 1330 15,
755 1246 775 1311 5
801 1247 859 1330 (II,
884 1244 977 1327 329);
1012 1255 1059 1328 τῷ
1082 1248 1153 1329 θεῷ
1176 1250 1364 1330 κατεφρόνει
1389 1250 1426 1311 τά

245 1377 278 1415 τε
301 1353 378 1416 ἄλλα
402 1354 486 1434 πρὸς
508 1354 566 1436 τὴν
589 1355 775 1436 ἐλευθερίαν
798 1355 907 1423 αὐτοῖς
935 1354 994 1415 ὅσα
1023 1360 1157 1435 προεῖπε
1185 1356 1429 1437 παρεσχηκότος

245 1459 300 1522 καλ
322 1460 402 1522 κτλι
437 1460 584 1524 codicum
609 1459 695 1524 enim
718 1459 915 1538 scripturam
937 1461 1183 1542 παρεσχηκότος
1205 1478 1224 1522 a
1249 1458 1428 1537 DindorfiO,

246 1562 301 1642 qui
336 1562 484 1628 dativum
517 1567 735 1648 παρεσχηκότι
769 1565 812 1628 ad
847 1574 893 1647 τῷ
926 1566 996 1648 θεῷ
1026 1570 1233 1644 spectantem
1263 1566 1429 1649 probavit,

245 1669 328 1732 satis
353 1669 511 1735 defendit.

335 1774 425 1856 Quae
455 1795 526 1840 cum
558 1778 606 1841 ita
636 1778 717 1861 sint,
749 1797 790 1842 ne
814 1777 848 1841 id
873 1776 1017 1860 quidem,
1050 1777 1136 1857 quod
1158 1777 1282 1858 legitor
1304 1779 1338 1843 in
1362 1798 1428 1843 ma·

243 1880 423 1960 nuscriplis
452 1882 547 1947 libris
575 1887 614 1950 ll
645 1885 707 1953 182
735 1887 858 1948 τούτων
887 1887 1159 1966 προσγενομένων
1187 1891 1252 1955 τοῖς
1274 1909 1427 1968 προειρη-

243 1989 353 2068 μένοις
375 1992 572 2071 πεντήκοντα
596 1992 651 2054 καὶ
670 1993 835 2071 τεσσάρων
854 1991 1032 2072 πληροῦσιν
1051 1991 1204 2072 ἀριθμόν,
1227 2008 1285 2068 pro
1311 1989 1428 2068 quibus

242 2092 368 2156 ultimis
399 2094 510 2158 verbis
546 2095 645 2160 Niese
676 2095 832 2159 Latinam
866 2094 1050 2160 versionem
1085 2100 1216 2159 secutus
1250 2097 1428 2178 πληροῦται

243 2201 386 2281 ἀριθμός
404 2188 568 2266 substitus
581 2201 695 2284 voluit,
720 2201 899 2281 quidquam
919 2199 1108 2265 offensionis
1131 2202 1253 2265 habere
1277 2201 1427 2280 equidem

243 2322 370 2369 censeo.
419 2305 497 2371 Cum
521 2308 620 2373 Niese
643 2308 714 2387 ipse
740 2308 857 2389 (prael.
882 2327 912 2387 p.
928 2307 1026 2388 LIII)
1050 2306 1265 2386 interpretem
1287 2306 1427 2373 latinum

242 2429 342 2491 saepe
370 2414 480 2492 paullo
508 2414 644 2479 liberius
673 2433 792 2495 graeca
822 2412 1034 2478 transtulisse
1062 2411 1166 2495 dicat,
1198 2432 1263 2477 non
1292 2421 1344 2479 est
1370 2434 1427 2479 cur

242 2516 387 2581 versioni
408 2519 470 2582 soli
489 2519 586 2583 nimis
605 2519 745 2584 fidentes
764 2519 807 2602 id,
834 2518 918 2598 quod
937 2518 971 2581 in
992 2517 1158 2582 codicibus
1177 2536 1248 2582 cum
1264 2518 1425 2585 Flaviano

242 2641 331 2686 more
354 2642 487 2703 prorsus
512 2624 707 2707 consentiat,
733 2632 917 2704 tangamus

332 2730 453 2799 1209.
494 2730 603 2812 Ἔλεγε
631 2732 711 2812 μηδ’
738 2734 778 2794 ἂν
801 2732 979 2813 ὀρεχθῆναι
1006 2730 1062 2811 τὴν
1087 2730 1204 2812 ἀρχήν,
1233 2733 1262 2794 εἰ
1287 2733 1427 2815 γαμετὴν

242 2833 344 2911 οὖσαν
367 2837 529 2918 ἠπίστατο,
554 2837 601 2905 ὡς
625 2837 768 2919 ἀθελιμίγν
794 2837 828 2899 δὲ
852 2837 1013 2918 ἀγόμενον
1038 2837 1076 2917 ἣν
1100 2837 1161 2899 οὐκ
1187 2838 1332 2918 ἠδίκουν.
1371 2838 1425 2901 Sic

242 2938 341 3004 Niese
379 2940 483 3004 tradit
519 2943 638 3024 verba,
677 2960 811 3020 quorum
852 2940 968 3005 ultima
1005 2939 1128 3004 vitiosa
1172 2959 1245 3007 esse
1286 2950 1425 3008 constat.

241 3044 388 3109 Librarii
425 3045 490 3125 ipsi
528 3047 675 3111 codicum
706 3047 798 3112 varie
836 3066 875 3111 ea
912 3066 1031 3114 sanare
1068 3050 1273 3114 studuerunt.
1321 3049 1426 3114 Niesii

239 3148 341 3213 lectio
358 3132 429 3215 cum
443 3151 549 3233 Regio
570 3158 603 3216 et
619 3153 798 3217 Oroniensi
817 3154 1004 3218 concordat.
1040 3155 1227 3220 Marcianus
1246 3159 1286 3238 ἣν
1305 3154 1424 3237 omisit,

242 3254 323 3319 Set
345 3256 376 3319 R
408 3256 511 3337 (prior
543 3262 670 3342 manus)
703 3261 862 3341 ἀγόμενος
893 3260 932 3341 ἦν
964 3261 1107 3345 malunt,
1140 3261 1174 3326 in
1202 3260 1425 3326 Laurentiano

241 3363 402 3443 ἀγόμενον
433 3367 472 3446 ἣν
505 3370 710 3429 contractum
740 3370 792 3429 est
825 3365 859 3428 in
893 3367 1069 3449 ἀγομένην,
1103 3366 1298 3450 Vatia-anne,
1331 3386 1426 3446 quem

241 3464 341 3530 Niese
376 3467 410 3531 in
445 3469 662 3548 praefationis
698 3490 729 3549 p.
755 3470 838 3533 XVI
872 3470 1004 3535 numero
1034 3471 1119 3536 VIII
1154 3470 1357 3554 significavit
1391 3478 1426 3537 et

241 3571 434 3656 descripsit,
459 3577 618 3658 ἀγόμενος
642 3578 701 3658 σὴν
725 3576 842 3659 habet,
867 3595 949 3655 quae
974 3577 1173 3661 scripturae,
1198 3576 1262 3641 etsi
1286 3576 1425 3643 difficul-

240 3681 346 3742 tatem
368 3678 434 3742 loci
457 3681 555 3760 plane
584 3682 719 3763 tollunt,
751 3689 862 3746 tamen
886 3683 1081 3747 correctoris
1105 3683 1271 3748 cuiusdam
1297 3684 1425 3764 sapien-

240 3781 331 3847 tiam
359 3785 520 3850 redolent.
568 3787 791 3868 Interpretnm
829 3789 1037 3868 Haveroamp
1078 3788 1224 3869 scripsit:
1266 3792 1425 3873 ἀγόμενος

240 3890 302 3952 οὐκ
327 3891 463 3971 ἠδίκουν
487 3897 521 3956 et
545 3909 616 3956 cum
631 3893 799 3958 Hudsonio
824 3893 929 3959 minus
954 3897 1107 3958 accurate
1130 3895 1246 3958 vertit:
1271 3896 1330 3960 sed
1354 3915 1425 3961 cum

240 4013 299 4075 pro
334 4012 444 4061 sorore
480 4016 552 4062 eam
586 3998 772 4083 hatumrIm,
808 4000 892 4065 nihil
921 3999 1036 4065 iniusti
1064 3999 1219 4064 commisi.
1266 4003 1425 4084 ἀγόμενος

240 4102 302 4182 σὴν
325 4120 365 4165 er
395 4101 453 4166 illo
479 4103 641 4168 Vaticano
670 4105 818 4186 recipere
846 4105 973 4186 placuit
1003 4111 1037 4169 et
1061 4104 1229 4170 DIndorfio
1259 4113 1294 4171 et
1322 4127 1426 4189 nuper

240 4212 316 4288 post
344 4208 578 4275 Irnmanueleur
607 4210 795 4276 Bekkerum
824 4211 963 4275 Nabaro.
1010 4210 1188 4276 Holwerda
1221 4213 1255 4296 (l.
1282 4232 1308 4277 c.
1333 4234 1364 4294 p.
1390 4212 1423 4298 7)

240 4314 303 4377 hac
338 4314 481 4379 lectione
516 4317 671 4399 probata,
708 4317 766 4381 sed
800 4315 1015 4381 Hudsoniana
1049 4316 1201 4382 versione
1236 4318 1425 4399 vituperata

241 4421 400 4503 ἀγόμενος
424 4441 482 4502 pro
506 4440 640 4486 uxorem
656 4421 775 4486 ducere
792 4422 907 4501 volens
924 4422 1150 4503 accipiendum
1170 4442 1242 4490 esse
1257 4425 1423 4505 professus
