3240 5170
713 318 931 386 „26-

228 511 278 593 II,
309 507 372 576 105
400 513 599 594 βασανίσων,
637 510 687 591 Il,
716 507 780 574 317
809 515 1058 595 παρακαλέσειν,
1100 515 1163 598 Vl,
1194 513 1235 581 93
1259 517 1414 589 καλέσειν,

229 616 288 698 Vl,
313 613 378 683 207
402 619 618 700 ἐκφαυλίσειν,
661 616 719 700 VI,
740 612 804 680 299
829 620 1007 701 ἀφανίσειν,
1048 622 1124 704 VH,
1149 619 1192 689 62
1216 625 1414 706 έμφανίσιυν,

229 722 324 805 VIII,
338 720 380 787 54
406 724 649 806 διακομίσουσιν
673 726 789 787 contra
812 723 857 807 II,
876 722 940 790 119
964 734 1129 810 κομιεῖται,
1154 724 1219 792 220
1243 730 1414 810 ἐκποριεῖν,

229 829 328 912 VHI,
355 826 396 892 13
425 827 526 912 idem,
570 828 669 910 VIII,
694 826 737 894 99
764 839 1037 914 μετακομιοῦντα,
1079 833 1144 917 ΙΧ,
1170 831 1232 897 241
1258 834 1414 916 ἀφανιῶ).

228 936 268 1000 In
291 935 450 1000 vocabulo
479 937 569 1018 αὐτῷ
596 939 674 1000 ante
701 937 856 1017 φίλαυτον
878 936 992 1017 utique
1014 938 1136 1004 vitioso
1160 939 1271 1004 Naber
1298 940 1415 1004 adver-

227 1041 317 1107 bium
340 1044 390 1105 ἀεί
411 1041 517 1107 latere
541 1039 727 1122 suspicatus
755 1047 820 1126 est,
850 1043 950 1127 quod,
980 1045 1055 1110 dum
1082 1045 1199 1111 melius
1228 1045 1414 1128 detegetur,

228 1148 455 1229 accipiendum
484 1147 538 1212 sit.
585 1146 782 1226 Priusquam
814 1153 924 1214 autem
956 1150 997 1216 de
1029 1151 1122 1215 modo
1151 1151 1246 1217 verbi
1273 1154 1415 1234 νομίζειν

229 1254 452 1338 discernatur,
481 1272 564 1333 quae
588 1252 639 1319 vis
663 1253 698 1318 in
722 1251 951 1321 coniunctione
974 1258 1066 1329 ὅπως
1089 1257 1149 1321 hor
1174 1257 1245 1322 loco
1271 1257 1329 1340 sit,
1359 1276 1415 1322 ex-

227 1360 390 1442 pediatur.
437 1359 574 1425 Hudson
598 1377 719 1441 graeca
742 1357 790 1423 sio
814 1360 930 1426 vertit:
959 1362 1049 1428 Deus
1073 1367 1183 1427 autem
1208 1361 1356 1431 Gedeoni
1380 1362 1415 1427 in

228 1466 351 1536 somnis
375 1483 539 1549 apparens
563 1464 710 1530 homines
735 1485 772 1532 eo
797 1485 870 1532 esse
893 1467 1025 1550 ingenio
1050 1468 1257 1554 declarabat,
1281 1474 1319 1533 ut
1342 1487 1415 1534 sese

228 1574 363 1640 nimium
387 1573 567 1655 diligerent
585 1578 619 1638 et
638 1572 722 1637 alios
741 1572 866 1639 virtute
885 1573 1127 1654 praecellentes
1146 1575 1220 1641 odio
1239 1577 1415 1641 habereut:

228 1686 265 1746 ut
283 1679 458 1746 uictoriam
477 1699 497 1743 a
516 1679 586 1744 Deo
611 1696 684 1743 esse
708 1697 807 1760 aegre
832 1681 890 1763 (μή
898 1682 920 1762 l)
945 1681 1163 1746 concedentes
1187 1701 1259 1747 eam
1283 1680 1417 1746 sibimet

228 1788 387 1853 tribuant.
432 1784 574 1867 Negatio
597 1786 643 1868 μή
669 1803 689 1848 a
713 1783 859 1849 codicum
883 1784 1002 1850 scribis
1025 1786 1228 1869 interpolata
1251 1787 1415 1853 deleatur:

228 1895 331 1959 verba
363 1892 536 1973 scriptoris
568 1890 639 1955 sive
672 1908 692 1954 a
721 1889 867 1956 librariis
899 1891 970 1957 sive
1002 1894 1044 1956 ab
1077 1892 1260 1958 editoribus
1291 1898 1416 1958 temere

229 1999 354 2065 additis
376 1997 521 2081 negandi
545 1996 719 2078 particulis
743 2002 897 2078 corrupta
921 2017 994 2064 esse
1017 1999 1197 2065 Holwerda
1222 1999 1296 2082 (lc.
1312 2019 1344 2079 p.
1358 1996 1415 2081 95)

229 2104 388 2187 exemplis
412 2102 662 2170 demonstravit.
707 2104 758 2168 Ea
781 2122 859 2169 vero
883 2105 1049 2184 particula
1072 2124 1185 2171 carere
1208 2109 1319 2186 potest
1342 2123 1415 2170 sen-

228 2211 350 2295 tentia,
380 2230 452 2277 cum
480 2210 515 2275 in
542 2208 718 2291 participio
742 2212 896 2293 παρέντες
917 2229 983 2277 non
1009 2212 1177 2278 notionem
1205 2209 1416 2293 concedendi,

229 2322 266 2384 ut
288 2319 346 2383 ille
370 2317 535 2397 interpres
558 2318 647 2401 uult,
681 2315 740 2381 sed
763 2316 1051 2396 praetermittendi
1074 2317 1129 2383 vel
1152 2315 1345 2399 negligendi
1367 2315 1416 2380 in-

230 2442 303 2489 esse
323 2422 489 2505 cognitum
508 2423 675 2488 habemus.
718 2422 811 2486 Haeo
829 2422 882 2488 vis
902 2421 1048 2488 cernitur
1066 2441 1107 2488 ex
1122 2423 1262 2506 Polybio
1285 2419 1314 2506 1,
1328 2420 1416 2505 33,5

232 2529 474 2613 (ed.Dind0rf.)
498 2531 646 2612 παριέναι
668 2529 723 2592 τὸν
746 2529 862 2610 καιρόν
885 2534 919 2594 et
943 2548 984 2593 ex
998 2529 1021 2594 J
1023 2531 1144 2610 osepho
1164 2530 1236 2611 ipso
1249 2531 1290 2595 A.
1302 2529 1361 2613 IV,
1373 2525 1415 2592 27

230 2637 275 2700 Εἰ
294 2638 340 2720 μὴ
366 2639 549 2719 φροντίζων
576 2643 634 2699 τοῦ
666 2636 748 2698 θεοῦ
781 2636 836 2698 καί
867 2641 932 2699 τῶν
961 2637 1075 2719 νόμων
1102 2638 1159 2719 τὴν
1186 2637 1281 2721 τιμὴν
1308 2639 1415 2720 ἐχαρι-

231 2744 350 2825 ζόμην,
388 2743 449 2805 οὐκ
488 2745 527 2805 ἂν
564 2745 695 2824 ἐμαυτῷ
731 2742 843 2823 παρεὶς
881 2742 994 2805 δοῦναι
1030 2745 1195 2827 παρέσχον
1231 2744 1339 2824 ἑτέρῳ.
1374 2779 1415 2786 -

231 2847 330 2931 VIII,
358 2843 436 2911 192:
469 2848 632 2931 Παρέντες
655 2853 749 2929 τιμᾶν
771 2848 827 2911 τὸν
855 2848 936 2911 ἴδιον
969 2848 1028 2929 (se.
1053 2849 1158 2927 θεόν).
1183 2887 1227 2896 —-
1268 2846 1334 2929 IX,
1359 2842 1416 2910 27:

230 2955 354 3037 Παρείς
387 2954 448 3037 γὰρ
481 2960 595 3017 τοῦτον
621 2955 816 3036 θρησκεύειν
843 2953 919 3023 τοὺς
949 2954 1094 3025 ξενικοὺς
1122 2957 1257 3039 ἐσέβετο.
1283 2991 1324 2999 -
1353 2951 1416 3017 Ne·

229 3062 342 3143 glecta
374 3059 514 3139 denique
545 3059 580 3122 iu
614 3058 674 3123 illa
705 3059 857 3125 versione
889 3057 1053 3139 particula
1084 3085 1124 3124 τε.
1151 3058 1314 3125 'Ratione
1337 3077 1416 3124 vero

230 3167 333 3233 totius
358 3164 657 3248 comprehensionis
680 3183 746 3229 non
769 3164 900 3231 finalem
924 3164 1196 3250 coniunctionem,
1221 3165 1417 3247 praesertim

232 3291 303 3337 cum
331 3272 478 3353 proximo
507 3271 677 3337 enuntiato
701 3268 794 3336 finali
821 3271 926 3337 forma
954 3270 1072 3336 similis
1101 3291 1216 3337 sensus
1246 3276 1418 3353 repetatur

234 3381 300 3461 (ἵνα
319 3382 474 3462 μάθωσιν
493 3378 649 3462 βοηθείας
667 3385 723 3460 τῆς
741 3379 841 3441 αὐτοῦ
861 3380 898 3441 ὂν
917 3377 1068 3461 τοῦργον)
1090 3378 1149 3442 sed
1168 3377 1417 3459 declarativam,

232 3503 328 3564 quam
358 3484 560 3550 recentiores
591 3486 726 3567 vocant,
763 3481 911 3564 flagitari
946 3483 1096 3563 equidem
1128 3483 1290 3549 existimo.
1339 3483 1419 3546 Cum

231 3596 343 3656 tamen
365 3591 448 3656 haec
471 3588 523 3655 vis
549 3588 769 3654 coniunctioni
793 3590 885 3661 ὅπως
908 3588 1009 3673 desit,
1036 3592 1139 3655 verba
1163 3589 1212 3654 ita
1235 3588 1420 3669 depravata

232 3696 314 3761 mihi
336 3695 506 3779 videntur,
538 3701 575 3760 ut
598 3714 657 3776 pro
681 3696 773 3766 ὅπως
796 3719 841 3759 re:
873 3697 919 3760 ὅτι
942 3721 975 3759 τε
1002 3694 1177 3777 legendum
1205 3696 1250 3760 sit
1274 3695 1345 3761 sive
1368 3694 1419 3760 fu-

232 3809 305 3868 turo
330 3802 401 3869 sive
424 3805 600 3883 praesente
623 3806 771 3881 ternpore
795 3807 962 3880 sequente.
1008 3802 1099 3867 Duas
1123 3806 1233 3866 autem
1256 3821 1309 3867 res
1328 3802 1420 3867 Deus

234 3908 375 3974 Gidecni
399 3907 520 3989 aperit:
555 3906 646 3988 prius
670 3908 790 3971 malam
813 3912 952 3972 naturae
975 3907 1136 3972 humanae
1159 3907 1317 3992 indolem,
1349 3914 1419 3972 tum

232 4016 378 4081 Judaeos
410 4033 536 4095 quoque
568 4015 643 4096 (hoc
674 4011 757 4077 vitio
791 4013 973 4097 praeditos)
1003 4013 1177 4079 victoriam
1208 4013 1312 4094 ipsius
1343 4013 1364 4079 i.
1389 4033 1419 4078 e.

233 4121 297 4187 Dei
316 4140 389 4186 esse
408 4140 569 4203 apparere
588 4119 684 4184 obliti
704 4120 883 4202 (παρέντεςε
908 4118 1062 4184 oblivisci
1085 4119 1171 4185 enim
1194 4139 1292 4185 unum
1314 4118 1421 4201 negli-

232 4226 332 4292 nendi
360 4246 463 4309 genus
492 4230 557 4309 est)
587 4244 678 4291 suam
711 4224 830 4289 ducere
863 4224 933 4290 sive
962 4226 1116 4291 ducturos
1145 4244 1227 4291 esse.
1274 4226 1346 4291 Non
1370 4225 1420 4289 ita

232 4353 307 4399 raro
327 4328 466 4399 Flavius
485 4334 547 4399 duo
566 4332 662 4397 unius
680 4329 776 4397 verbi
800 4329 931 4395 obiecta
954 4331 1003 4396 ita
1026 4331 1193 4416 formavit,
1218 4337 1255 4397 ut
1277 4332 1420 4396 alterum

233 4459 274 4513 ex
307 4440 515 4509 substantivo
549 4442 583 4506 et
614 4435 806 4526 participio,
842 4437 983 4507 alterum
1011 4458 1051 4510 ex
1079 4438 1249 4510 enuntiato
1279 4440 1420 4525 constet,
