3240 5170
703 372 918 438 -28..

216 554 1401 652 oa-uu-ua-uu-uru-r,no-r,m

219 666 1402 757 -r,ao-r‚ur-r‚3o-o,r-o.4-o‚r-1o‚o;

218 774 434 860 1V‚1,t--
460 774 530 860 2,3
557 772 850 858 -4,’6-5,3
877 774 1402 863 -0,6-10,12-·10,5;

218 878 1402 969 V‚4‚1-4,n-4,3-5,7-5‚8uis-6,2-o‚4

219 1028 259 1035 -
285 987 337 1071 10,
364 987 382 1053 1
409 1029 449 1035 -
475 986 527 1070 11,
552 984 572 1050 2
598 1025 638 1031 —-
664 983 716 1070 13,
741 984 776 1069 23
815 989 872 1070 VI,
898 987 928 1072 5,
953 986 987 1072 2)
1016 989 1165 1074 admisit,
1201 997 1276 1072 post
1304 992 1404 1071 quod-

216 1095 301 1161 libet
329 1101 457 1176 tempus
486 1093 543 1175 (cf.
568 1093 598 1176 Ι,
623 1092 658 1175 8,
684 1090 704 1155 5
732 1097 936 1178 κατέσκαψεν
964 1097 1011 1165 ὡς
1038 1098 1084 1179 μή
1116 1135 1154 1141 —-
1181 1101 1302 1179 γένοιτο
1331 1116 1403 1162 cum

218 1202 244 1284 Ι,
270 1199 323 1285 20,
348 1198 368 1264 2
391 1204 585 1284 πειράσομαι
609 1200 736 1281 ἀγαθόν
761 1202 796 1263 σε’
818 1227 845 1264 τι
872 1208 974 1264 ποιεῖν
1001 1203 1049 1271 ὡς
1075 1204 1121 1285 μὴ
1153 1205 1303 1287 ζητοίης).
1350 1204 1404 1267 Ex

217 1307 472 1387 antiquitatibus
508 1305 622 1370 eadem
659 1308 826 1370 structura
862 1325 967 1386 paone
1005 1311 1130 1372 remota
1168 1315 1232 1373 est:
1270 1314 1404 1391 praeter

217 1413 402 1494 optativum
421 1417 531 1476 autern
551 1410 779 1475 coniunctivus
798 1419 874 1492 post
897 1415 944 1483 ὡς
968 1413 1123 1493 scriptori
1142 1414 1277 1493 placuit.
1315 1415 1404 1497 Quos

217 1520 306 1584 locos
330 1517 443 1582 inveni
467 1517 514 1581 sic
539 1521 696 1599 structos,
722 1536 777 1582 eos
800 1518 864 1582 huo
888 1519 1065 1584 ascribam:
1095 1520 1135 1584 A.
1161 1520 1191 1603 Ι,
1217 1518 1295 1585 218:
1327 1522 1401 1585 ‘Yn’

218 1628 310 1709 ἐλάτῃ
335 1627 392 1689 τινὶ
416 1627 509 1689 ύεῖσα
537 1624 572 1686 τὸ
595 1625 724 1688 παιδίον
747 1634 985 1709 ψυχορραγοῦν
1009 1629 1055 1697 ὡς
1077 1628 1123 1711 μὴ
1149 1629 1318 1710 παρούσης
1345 1628 1404 1709 τὴν

217 1733 329 1816 φυχὴν
353 1734 421 1815 ἀφῇ
449 1731 564 1813 προῄει
592 1734 805 1813 πορρωτέρω.
831 1769 872 1776 -
911 1731 1004 1815 XIV,
1030 1730 1064 1815 9,
1089 1731 1124 1797 4:
1155 1734 1196 1797 ‘O
1220 1735 1255 1797 δὲ
1278 1732 1337 1816 ἧκε
1361 1769 1402 1777 --

216 1839 295 1921 μετὰ
321 1841 453 1921 στίφους
476 1838 689 1920 ἀποχρῶντος
713 1839 803 1918 αὐτῷ
825 1839 909 1919 πρὸς
932 1839 989 1921 τὴν
1013 1840 1091 1903 ὁδὸν
1115 1842 1162 1911 ὡς
1184 1842 1265 1922 μήτε
1288 1841 1403 1921 ἐπίφο-

217 1948 276 2029 βος
303 1943 455 2026 Ὑρκανῷ
478 1944 580 2017 δόξειε
604 1980 644 1987 -
669 1947 749 2026 μήτε
781 1944 903 2025 γυμνὸς
934 1947 989 2009 καὶ
1022 1946 1208 2029 ἀφύλακτος
1240 1949 1286 2028 εἴη
1320 1946 1405 2027 πρὸς

216 2052 273 2132 τὴν
294 2051 387 2132 δίκην
408 2049 467 2132 (εἴη
488 2049 520 2113 J.
537 2048 671 2115 Bekkor
690 2049 825 2130 scripsit
845 2050 950 2115 codici
962 2051 1236 2133 Hennebergensi
1256 2050 1403 2134 credens,

218 2156 426 2235 Hauercamp
456 2173 527 2219 cum
556 2156 631 2220 aliis
661 2156 716 2239 ἴῃ).
742 2195 782 2201 -
823 2157 915 2239 XIV,
942 2154 998 2241 15,
1023 2156 1057 2221 4:
1093 2160 1258 2241 Διέπεμφε
1287 2159 1321 2222 δὲ
1349 2159 1405 2221 καὶ

217 2262 301 2345 πρὸς
324 2262 399 2331 τοὺς
423 2263 536 2344 κύκλῳ
560 2264 702 2326 κελεύων
725 2264 762 2325 τὰ
791 2264 873 2326 κατὰ
901 2264 958 2346 τὴν
982 2267 1095 2347 χώραν
1119 2266 1405 2328 ἀνασκευάσασθαι

218 2370 272 2432 καὶ
296 2371 339 2439 εἷς
366 2368 404 2430 τὰ
429 2369 489 2449 ὄρη
510 2375 623 2451 φυγεῖν
643 2370 689 2437 ὡς
709 2369 911 2450 -Ῥανμαῖοι
933 2406 972 2413 -
994 2371 1213 2455 διαφθαρεῖεν.
1231 2409 1270 2416 -
1296 2369 1406 2435 Semel
1431 2383 1439 2392 ‘

219 2477 265 2545 ὡς
290 2493 361 2538 curn
385 2472 494 2537 futuro
519 2471 611 2536 finali
640 2492 738 2537 sensu
766 2473 814 2537 ibi
841 2475 1028 2559 usurparit,
1057 2477 1113 2540 ubi
1138 2477 1290 2542 meliores
1314 2478 1408 2546 ὅπως

219 2581 359 2645 malunt:
391 2579 432 2643 A.
457 2579 532 2661 XV,
558 2576 592 2661 6,
622 2577 655 2643 6:
692 2582 795 2643 πάντα
827 2585 947 2662 πρᾶξαι
972 2620 1012 2627 -
1037 2585 1084 2654 ὡς
1110 2622 1149 2644 .-
1176 2586 1336 2666 γενήσεται
1367 2582 1413 2652 τὰ,

218 2690 401 2769 πράγματα.
449 2685 503 2749 Ad
539 2686 601 2749 hoc
638 2685 827 2750 conferatur
850 2686 979 2752 Kuehn.
1005 2686 1100 2772 11‚2
1134 2686 1240 2773 §552
1272 2708 1303 2769 p.
1328 2685 1404 2771 890,

220 2794 343 2857 Weber
367 2791 402 2854 Π
425 2810 457 2871 p.
481 2788 534 2855 86.

307 2898 358 2961 De
381 2896 510 2960 ratione
534 2896 671 2962 voculae
695 2900 735 2961 ἄν
760 2880 1044 2963 coniunctionibus
1067 2902 1159 2971 ὅπως
1183 2903 1217 2963 et
1240 2902 1287 2970 ὡς
1306 2918 1406 2979 appo-

220 3004 306 3069 sitae
331 3003 488 3068 Kuehner
512 3002 575 3085 (Π,
601 2999 621 3066 2
649 3005 666 3085 g
691 3001 770 3086 553,
795 3003 815 3068 5
844 3024 876 3085 p.
901 3002 979 3088 900)
1003 3005 1086 3072 haec
1111 3006 1220 3071 docet:
1244 3010 1284 3071 ἄν
1308 3007 1407 3071 weist

219 3111 278 3176 auf
308 3111 404 3175 einen
436 3108 470 3172 in
506 3108 564 3173 der
592 3109 698 3190 Regel
732 3109 826 3173 nicht
858 3112 1137 3196 ausgedrtickten‚
1175 3112 1316 3177 sondern
1351 3130 1407 3193 ge-

219 3217 362 3282 dachten
380 3214 612 3297 bedingenden
633 3214 710 3279 Satz
730 3215 797 3280 hin.
840 3217 936 3281 Hanc
958 3216 1267 3298 interpretationem
1290 3217 1406 3282 rectis-

220 3323 301 3388 sime
325 3319 625 3402 repudiavitAken
649 3320 670 3384 l.
692 3340 718 3386 c.
743 3341 774 3402 p.
792 3320 866 3405 110,
890 3320 919 3406 7,
945 3324 1000 3402 qui
1023 3323 1187 3404 particula
1212 3326 1251 3387 ἄν
1274 3322 1406 3387 finalem

220 3429 464 3494 enuntiatorum
491 3446 551 3507 par
578 3429 670 3498 ὅπως
698 3432 733 3491 et
760 3430 807 3498 ὡς
834 3428 1061 3494 institutorum
1088 3430 1238 3494 habitum
1265 3428 1407 3495 indicari

220 3534 392 3616 profitetur
422 3536 527 3616 (ὅπως
554 3534 621 3598 und
650 3536 696 3604 ὡς
729 3533 866 3598 macheu
899 3533 1080 3616 eigentlich
1112 3536 1207 3601 ihren
1235 3535 1313 3600 Satn
1345 3554 1407 3599 nur

220 3660 293 3706 zum
318 3640 524 3723 Objcctsatz,
557 3640 696 3704 nehrnen
721 3639 824 3703 daher
847 3659 948 3720 gerne
972 3647 1077 3707 etwas
1101 3642 1200 3725 (lanu,
1226 3642 1284 3706 das
1308 3640 1407 3705 finale

220 3748 374 3812 Eleinent
389 3746 611 3827 anzudeuten3
635 3746 701 3810 und
717 3746 787 3810 (lies
802 3747 878 3811 thut
892 3750 941 3831 ἄν,
961 3747 1071 3813 indem
1090 3767 1125 3812 es
1146 3768 1188 3812 an
1204 3746 1407 3832 ,Unistltnde'

220 3854 270 3918 als
302 3873 344 3917 an
376 3852 640 3933 begiinstigoncle
674 3851 808 3935 dachte,
838 3852 1019 3934 Jedcnfalls
1051 3854 1198 3918 dadurcli
1226 3852 1285 3918 auf
1310 3852 1407 3917 einen

220 3965 289 4025 erst
312 3979 353 4024 zu
377 3957 659 4023 durclrlaufenden
683 3959 779 4041 Weg,
804 3958 951 4024 insofern
975 3958 1034 4024 auf
1055 3959 1114 4023 das
1134 3956 1406 4025 Vorhandensein
1527 4026 1533 4037 ‚

221 4066 312 4131 einer
331 4065 511 4146 Richtung,
537 4063 627 4128 eines
647 4063 735 4128 Ziels
754 4064 920 4147 hinwies).
959 4065 1069 4130 Aliter
1088 4068 1128 4129 ἄν
1147 4066 1186 4130 L.
1202 4065 1316 4146 Meyer
1335 4081 1407 4128 cunr

220 4171 324 4236 latino
354 4190 396 4234 an
425 4176 459 4235 et
492 4169 624 4250 gothico
654 4171 734 4235 thau
764 4170 945 4251 composuit
973 4171 1078 4250 iisque
1106 4171 1273 4236 notionem
1301 4174 1408 4253 ,unter

221 4277 407 4360 mbglichen
427 4275 643 4341 Umstanuen’
667 4276 832 4357 imposuit.
870 4276 954 4342 Vide
978 4277 1017 4342 L.
1034 4279 1148 4359 Meyer
1171 4277 1192 4341 l.
1207 4296 1234 4341 c.
1259 4296 1290 4356 p.
1306 4273 1348 4341 23
1373 4280 1407 4338 et

221 4384 261 4448 (le
285 4385 332 4453 ὡς
356 4385 396 4445 ἄν
419 4381 593 4446 Homerico
617 4401 649 4462 p.
663 4380 715 4447 35.
760 4382 824 4446 Hic
844 4388 954 4447 autern
974 4382 1226 4464 significationis
1245 4381 1406 4446 transitus

220 4488 286 4554 nisi
314 4489 415 4573 saltu,
448 4492 485 4556 ut
513 4488 562 4556 ita
591 4488 712 4575 dicam,
747 4488 965 4555 conclusionis
998 4488 1069 4557 fieri
1101 4509 1165 4557 non
1198 4507 1294 4573 posse
1327 4485 1408 4553 mihi
