3240 5170
205 1314 261 1407 [ie
293 1314 406 1405 iiauii
436 1315 593 1435 iosepiri
627 1315 848 1409 elocutione
879 1318 1136 1433 quaestiones
1168 1318 1329 1410 criticae

423 1452 464 1538 et
495 1446 799 1540 obseruationes
830 1448 1124 1564 praumaticae.

709 1604 831 1673 Scripsit

628 1721 775 1788 Carolus
798 1720 905 1791 Roob.

266 1894 393 1960 Nostris
414 1894 615 1974 temporibus
633 1894 745 1959 Flavii
761 1895 900 1975 dosephi
922 1894 1023 1959 libros
1043 1896 1147 1959 denuo
1167 1895 1200 1958 in
1220 1894 1360 1958 medinm

174 2002 398 2082 produxerunt
435 2000 636 2064 Benedictus
675 2000 773 2065 Niese
809 2008 843 2065 et
877 2001 1007 2065 Samuel
1040 2000 1206 2064 Adrianus
1243 2000 1360 2064 Δ161161.

174 2107 240 2171 Hic
263 2106 474 2172 Irnmannelis
498 2107 644 2170 Bekkeri
668 2107 846 2171 editionem
872 2106 1132 2170 Teubnerianam
1162 2105 1281 2169 iterum
1312 2124 1361 2169 re·

174 2213 303 2277 censuit
338 2219 371 2277 et
407 2212 600 2289 recognovit
642 2213 822 2292 praemissa
859 2231 944 2276 nuova
981 2211 1194 2275 annotatione
1232 2210 1358 2293 critica,

175 2318 275 2382 Niese
305 2318 453 2383 omnibus
481 2317 621 2397 Josephi
654 2337 787 2398 ‹rlremrm
820 2317 1001 2395 codicione,
1036 2317 1090 2397 quoi
1123 2317 1261 2381 alienius
1294 2336 1358 2380 1116-

173 2423 277 2488 menti
297 2430 382 2507 sunt,
408 2423 655 2488 accuratissime
678 2424 810 2488 collatis
829 2443 947 2489 noomm
967 2423 1202 2487 Flavianorum
1221 2422 1358 2502 scripto-

172 2548 245 2593 rum
269 2530 436 2610 exemplar
460 2548 530 2593 cum
550 2537 712 2609 aporiare-tn
733 2530 847 2594 critico
868 2530 1028 2594 excudere
1048 2529 1204 2593 institnit.
1248 2527 1358 2607 Usque

173 2635 217 2698 ad
248 2635 307 2698 hos
340 2635 410 2700 dies
435 2635 546 2699 Naber
577 2635 667 2699 1111116
692 2637 815 2717 operis,
850 2636 901 2701 cui
935 2635 1168 2699 corrosoribendo
1193 2634 1358 2713 Josephus

172 2742 390 2820 posteriorum
413 2741 503 2806 vitae
537 2760 614 2806 snae
647 2761 804 2806 annornm
833 2743 977 2805 laborem
1006 2749 1041 2804 et
1068 2740 1211 2805 studium
1241 2740 1358 2819 impen-

171 2846 266 2929 civit,
300 2846 534 2927 antiquitatum
551 2847 776 2931 1,11111111111111111
805 2848 930 2927 priores
961 2847 1073 2911 decem
1103 2846 1204 2910 libros
1235 2845 1358 2908 (luobus

172 2953 392 3019 voluminibus
415 2953 488 3017 116111
507 2954 675 3017 docturum
694 2953 837 3019 virorum
856 2953 1036 3035 incenderit,
1061 2952 1160 3015 Niese
1184 2951 1359 3014 eorundem

172 3059 329 3124 librorum
361 3078 480 3124 novam
508 3059 685 3123 editionem
718 3059 893 3123 aoiornavit
925 3059 1030 3139 iisque
1063 3064 1243 3123 extremam
1272 3056 1356 3120 anti-

173 3165 335 3244 quitatum
368 3171 509 3246 partem,
548 3164 650 3229 libros
684 3164 890 3228 xus-XX
921 3166 999 3229 Vita
1033 3183 1175 3245 annexa,
1209 3168 1243 3226 et
1276 3163 1356 3226 dnos

173 3277 288 3337 eontra
313 3271 476 3351 Apionenn
500 3270 540 3333 de
564 3276 732 3334 vetustate
756 3271 956 3334 ‹ioodaeornm
980 3270 1081 3334 libros
1105 3268 1244 3333 addidit.

261 3377 353 3440 Idem
383 3376 415 3440 in
446 3375 542 3455 primi
572 3375 807 3454 antiquitatum
831 3375 1005 3440 voluminis
1032 3374 1237 3455 praefatione
1261 3393 1356 3453 saga·

172 3482 256 3546 citer
279 3481 520 3546 demonstrarit
544 3481 683 3561 Josephi
707 3500 821 3564 opera,
847 3502 887 3546 ex
912 3500 972 3560 qno
997 3501 1016 3544 a
1042 3479 1239 3544 Christianis
1263 3480 1356 3543 lecti·

170 3594 244 3653 tuta
279 3596 404 3670 essent,
447 3607 641 3666 quarnqnann
679 3587 834 3669 collecta,
877 3594 986 3651 tamen
1024 3606 1087 3650 non
1122 3605 1185 3649 mm
1221 3604 1355 3665 corpore

171 3698 308 3759 servetur
334 3694 391 3758 sed
420 3693 454 3757 in
483 3712 541 3757 sex
572 3701 684 3772 partes
715 3693 763 3756 its
793 3692 916 3774 diuisa,
946 3700 983 3755 nt
1007 3692 1097 3770 quini
1121 3692 1355 3770 antiquitatum

171 3799 260 3883 litori,
289 3804 415 3880 septem
439 3798 589 3863 debello
614 3797 764 3881 Judaioo,
790 3798 852 3862 duo
877 3802 991 3860 contra
1015 3798 1176 3877 Apionem
1201 3816 1258 3861 sua
1284 3816 1355 3876 pro·

172 3905 245 3986 prio
285 3906 356 3971 fato
397 3907 572 3986 haberent,
615 3903 788 3985 mansisse,
831 3902 972 3967 disiecta
1012 3908 1121 3966 tamen
1159 3902 1355 3981 scriptorum

172 4013 316 4077 membro
340 4030 379 4075 ex
404 4011 535 4075 saeculo
560 4015 675 4088 quarto
706 4009 830 4073 decimo
861 4026 961 4086 nsque
990 4008 1032 4070 ad
1059 4007 1093 4071 id
1121 4016 1263 4089 tempus,
1293 4026 1354 4086 <pm

171 4117 262 4198 typis
298 4136 454 4197 expressa-
492 4120 618 4191 essent,
657 4115 830 4195 parrllatim
869 4115 972 4179 11611110
1013 4112 1183 4177 coaluisse.
1231 4112 1354 4193 Quibus

174 4228 284 4287 nortem
307 4222 539 4302 manuscriptis
562 4220 656 4285 nobis
680 4220 915 4300 anutiqnitetum
938 4219 1015 4282 libri
1034 4218 1151 4282 traditi
1170 4224 1290 4300 essent,
1316 4239 1353 4281 en

171 4326 259 4392 binis
283 4328 335 4391 vei
361 4329 464 4391 ternis
489 4327 656 4391 codicibus
671 4325 839 4411 >quinariis
864 4325 1013 4390 conflatis
1037 4330 1108 4388 orta
1134 4343 1215 4388 6666.
1264 4324 1353 4406 Quae

173 4451 244 4496 oum
263 4432 311 4496 ita
331 4440 451 4516 essent,
478 4433 520 4496 ad
540 4432 630 4495 illam
650 4431 845 4495 divisionem
863 4435 1017 4510 spectans
1037 4430 1071 4493 in
1092 4428 1209 4494 Flavio
1228 4429 1353 4494 edendo
