3240 5170
682 306 902 391 Ι-55-

203 496 343 563 uidetur.
380 498 494 569 Ὅπως
518 516 590 561 cum
613 498 772 563 uocabulo
796 501 836 561 ἄν
859 497 982 578 primus
1007 497 1188 578 composuit
1201 495 1386 578 Aeschylus

206 603 342 685 (Weber
366 603 398 686 Ι,
428 623 458 683 p.
483 600 536 686 80,
561 601 628 687 81).
675 604 770 668 Η555
800 603 924 667 duobus
953 603 1034 668 locis
1064 604 1241 684 Sophocles
1267 602 1333 685 (W.
1359 602 1385 684 Ι,

204 728 235 789 p.
260 705 316 792 91,
342 706 414 791 93),
452 709 600 789 pluribus
633 709 810 790 Euripides
844 709 1022 791 (11.1,5
1049 706 1127 793 100)
1160 716 1291 774 secutus
1324 712 1385 790 est,

203 814 276 895 plus
306 814 407 895 spatii
435 814 487 880 illi
515 815 691 881 elocutioni
716 815 808 879 dedit
831 814 1071 895 Aristophanes
1096 815 1163 897 (W.
1188 816 1214 898 Ι,
1240 835 1270 896 p.
1296 812 1385 897 115).

205 920 283 985 Cum
305 920 393 1001 apud
407 920 610 985 Herodotum
629 922 696 1004 (W.
712 922 739 1005 I,
763 941 795 1001 p.
812 918 885 1003 134,
903 918 991 1002 137),
1017 920 1242 1001 Thucydidem
1257 921 1324 1003 (W.
1340 920 1385 1005 ΙΙ,

203 1047 235 1108 5.
260 1025 304 1111 9),
329 1027 449 1091 5111555
473 1033 620 1091 51515155
645 1028 711 1110 (W.
736 1027 780 1110 ΙΙ,
805 1047 836 1107 p.
857 1024 909 1110 26,
935 1025 987 1110 31,
1012 1025 1068 1111 35)
1092 1047 1170 1092 5555
1193 1047 1296 1108 55555
1321 1027 1386 1092 515-

203 1133 328 1216 gularis
351 1132 490 1216 dicatur,
514 1152 573 1213 per
596 1133 769 1197 Platonem
793 1133 925 1216 (11111,
949 1154 980 1214 5.
1000 1132 1056 1216 55)
1081 1141 1116 1198 51
1134 1134 1387 1215 Xenophontem

204 1241 262 1325 (ll,
287 1261 318 1321 p.
344 1238 400 1324 15)
431 1240 479 1304 115
503 1239 708 1323 divulgatur,
747 1244 784 1303 ut
813 1238 1040 1305 coniunctivus
1067 1241 1164 1322 longe
1192 1240 1386 1321 praevaleat

203 1353 301 1426 atque
334 1346 415 1412 adeo
447 1346 517 1410 fere
549 1346 637 1411 solus
670 1345 876 1412 adhibeatur.
924 1346 1017 1428 Quod
1045 1347 1130 1411 unde
1156 1352 1262 1411 ortum
1286 1352 1384 1429 esset,

207 1453 327 1518 Weber
351 1451 416 1534 (ΙΙ,
441 1472 471 1533 p.
498 1449 561 1515 114
586 1454 671 1535 sqq.)
696 1454 893 1534 exploravit.
940 1453 986 1516 Et
1008 1451 1227 1517 usitatissima
1251 1456 1303 1515 est
1327 1451 1386 1514 illa

203 1558 439 1639 particularum
473 1557 624 1623 iunctura
659 1559 693 1622 in
728 1557 999 1638 inscriptionibus
1032 1577 1134 1637 usque
1169 1558 1212 1622 ad
1243 1557 1386 1639 Augusti

203 1669 361 1748 aetatem,
396 1682 457 1742 quo
481 1663 533 1748 tit,
563 1669 601 1728 51
629 1664 781 1744 55111555
812 1664 1006 1730 elocutionis
1030 1664 1162 1746 propria
1186 1663 1288 1729 fuisse
1312 1682 1386 1728 con-

204 1770 354 1835 cludatur
379 1771 445 1852 (W.
471 1769 521 1852 ΙΙ,
550 1767 626 1849 53
657 1773 752 1854 555).
799 1772 961 1853 Exempla
994 1770 1130 1836 uoculae
1163 1772 1210 1841 ὡς
1242 1789 1314 1834 cum
1346 1773 1386 1834 ἄν

204 1876 376 1957 copulatae
406 1894 447 1940 ex
470 1875 611 1938 Homero
641 1876 777 1965 collegit
800 1879 839 1942 L.
856 1878 969 1958 Meyer
996 1877 1018 1941 l.
1044 1895 1070 1941 c.
1096 1897 1126 1958 p.
1151 1873 1204 1939 35.
1252 1875 1386 1957 Tragici

160 2037 165 2045 .
203 1988 320 2062 poetae
334 1982 419 2045 hanc
437 1980 704 2062 compositionem
719 1982 780 2066 illi,
801 1983 841 2048 de
861 2003 924 2063 qua
943 1984 1036 2048 modo
1052 1982 1115 2065 egi,
1132 1984 1223 2052 ὅπως
1238 1984 1277 2046 ἄν
1291 1999 1386 2062 5155-

202 2091 389 2169 555551551,
415 2086 580 2151 contraria
603 2106 656 2150 res
681 2089 767 2168 apud
782 2089 1038 2170 Aristophanem
1057 2089 1252 2153 observatur
1271 2086 1337 2170 (W.
1359 2087 1385 2170 Ι,

202 2212 233 2273 5.
258 2191 311 2276 80,
336 2189 388 2276 91,
414 2190 487 2275 112,
514 2190 602 2276 115).
649 2193 701 2257 Ex
730 2193 825 2258 libris
854 2200 963 2259 tamen
987 2213 1112 2277 eorum,
1147 2195 1201 2273 qui
1225 2193 1387 2259 dissoluta

203 2299 351 2364 oratione
375 2318 474 2380 opera
499 2306 757 2383 composuerunt,
780 2301 812 2366 51
831 2300 1082 2381 Xenophontem
1107 2300 1241 2383 eximas,
1266 2300 1386 2381 quippe

203 2405 315 2485 quiin
339 2406 487 2487 pluribus
514 2408 612 2471 rebus
641 2405 717 2470 stilo
748 2424 805 2470 suo
834 2406 1028 2487 praecipuas
1051 2406 1265 2486 propriasque
1294 2405 1386 2487 leges

203 2511 423 2596 arrogaverit,
463 2515 509 2584 ὡς
537 2516 576 2576 ἄν
608 2531 741 2593 prorsus
773 2532 878 2593 paene
911 2512 1046 2578 evannit
1070 2513 1137 2595 (W.
1162 2513 1210 2596 H,
1239 2532 1270 2593 p.
1296 2509 1384 2595 114).

203 2618 342 2683 Praeter
366 2625 476 2683 autem
500 2619 579 2683 duos
603 2619 705 2701 locos,
730 2618 924 2698 ubicumque
948 2618 1103 2701 occurrit,
1128 2619 1263 2683 verbum
1287 2637 1386 2682 enun-

202 2723 407 2803 1151115555
431 2724 632 2791 coniunctivi
655 2724 804 2789 indutum
828 2731 889 2789 est.

292 2830 356 2894 Sed
379 2835 416 2894 ut
440 2830 482 2894 ad
506 2829 658 2895 Flavium
682 2835 833 2894 recurrat
855 2830 1062 2914 dissertatio,
1093 2849 1175 2909 quae
1202 2830 1288 2893 ratio
1311 2830 1385 2894 usui

203 2935 448 3016 compositionis
478 2938 569 3007 ὅπως
593 2940 632 3000 ἄν
657 2955 728 3000 cum
752 2939 798 3007 ὡς
822 2939 862 3000 ἄν
885 2936 1078 3020 intercedit,
1110 2957 1148 3001 ea
1173 2955 1192 2999 a
1216 2936 1384 3000 meliorum

203 3041 437 3106 consuetudine
461 3042 597 3106 multum
621 3042 735 3107 distat.
781 3043 889 3108 Rarus
922 3048 974 3106 551
1000 3041 1055 3106 hic
1083 3041 1225 3122 scriptor
1252 3043 1286 3107 15
1314 3042 1383 3126 1115,

201 3147 296 3213 huius
324 3148 472 3230 vigorem
500 3148 672 3213 admodum
700 3149 802 3213 auxit.
843 3149 958 3219 Ὅπως
987 3151 1026 3212 ἄν
1050 3150 1135 3228 quod
1164 3149 1262 3229 plane
1292 3149 1385 3213 deest

202 3253 290 3318 intra
309 3254 397 3319 Belli
412 3253 546 3319 ludoici
565 3253 667 3318 libros
686 3253 720 3318 in
740 3254 995 3333 antiquitatibus
1014 3254 1066 3318 bis
1086 3274 1157 3319 cum
1177 3256 1384 3321 coniunctiuo

202 3360 411 3442 coniungitur
443 3360 497 3441 (A.
523 3360 625 3443 XIII,
650 3358 684 3445 6,
710 3358 742 3424 2:
765 3362 914 3444 Ἔπεμψε
939 3398 979 3405 -
1005 3363 1055 3425 ἐπὶ
1078 3361 1153 3432 τοὺς
1177 3364 1210 3425 ἐν
1233 3362 1384 3444 Γαλιλαίᾳ

201 3470 472 3551 καταλειφθέντας
497 3468 677 3550 δισχιλίους,
702 3469 794 3537 ὅντως
817 3471 857 3530 ἀν
880 3469 934 3531 καὶ
957 3469 1091 3537 τούτους
1115 3468 1323 3532 ἀπολέσωσιν.
1344 3505 1382 3512 -

86 3603 91 3611 ·
202 3572 304 3656 XIII,
331 3571 386 3656 14,
412 3571 447 3636 2:
484 3573 544 3643 Εἷς
567 3575 744 3657 τοῦσχατον
767 3574 847 3656 ἦλθε
870 3575 1023 3637 κινδύνου
1047 3581 1157 3655 ψυχῆς
1180 3599 1212 3636 τε
1234 3577 1307 3656 πέρι
1330 3576 1384 3638 καὶ

200 3680 359 3761 βασιλείας
386 3681 448 3742 οὐκ
474 3680 690 3761 ἀρκουμένων
714 3681 929 3762 ἀγωνίζεσθαι
952 3679 1033 3743 κατὰ
1058 3686 1142 3762 σφᾶς
1166 3680 1284 3750 αὐτοὺς
1307 3681 1384 3744 ἀλλά

201 3785 256 3848 καὶ
279 3786 483 3867 ἀλλοφύλους
506 3787 692 3867 ἐπαγόντων
715 3788 770 3850 καὶ
793 3786 829 3848 τὸ
852 3787 1028 3849 τελευταῖον
1051 3787 1094 3855 εἰς
1123 3792 1217 3848 τοῦτο
1241 3787 1385 3870 ἀνάγκης

201 3892 346 3973 ἀγόντων
370 3893 452 3953 ὥστε
478 3928 517 3935 -
542 3893 746 3973 παραδοῦναι
770 3894 862 3962 ὅπως
890 3896 930 3956 ἀν
952 3894 998 3976 μὴ
1030 3894 1203 3974 ξυνάρηται
1226 3893 1290 3955 κτλ.
1317 3894 1382 3975 -),

200 3996 302 4059 setlle]
326 4014 397 4059 cunr
421 3996 570 4076 optativo
596 3997 650 4079 (A.
676 3996 774 4080 XIII,
799 3994 829 4079 9,
855 3994 889 4060 2:
922 3999 1149 4079 Ἃττεκρίναντο
1172 4000 1384 4080 βουλεύεσθαι

202 4140 242 4146 --
273 4104 389 4166 δοῦναί
418 4128 450 4165 τε
482 4105 590 4173 αὐτοῖς
620 4103 675 4166 τὸν
708 4104 884 4186 στρατηγὸν
916 4104 1036 4185 Φάνιον
1071 4107 1219 4187 χρήματα
1256 4107 1306 4168 ἐκ·
1326 4113 1383 4169 τοῦ

201 4209 376 4291 δημοσίου,
411 4209 502 4279 ὅπως
535 4211 574 4272 ἀν
605 4212 648 4279 εἰς
679 4209 735 4291 τὴν
768 4210 888 4272 οἰκείαν
922 4211 1151 4292 ἐπανέλθοιεν).
1198 4210 1284 4274 Huic
1316 4217 1383 4275 1515

199 4312 316 4394 exiguo
349 4332 482 4377 numero
513 4314 549 4379 hi
577 4314 641 4378 loci
674 4318 893 4396 opponantur,
929 4332 1008 4392 quos
1037 4317 1083 4385 ὡς
1111 4318 1151 4379 ἄν
1179 4316 1307 4381 5511551
1334 4335 1383 4380 55-

199 4425 319 4497 quente
357 4418 579 4484 coniunctivb:
619 4421 660 4483 A.
685 4420 747 4503 IV,
777 4416 854 4483 293:
896 4418 961 4482 Καὶ
996 4421 1068 4501 περὶ
1102 4423 1225 4485 τούτων
1259 4424 1382 4506 βραχέα
