3240 5170
663 363 877 429 „23„

265 553 315 617 De
346 553 439 617 modo
471 551 579 635 vorbi,
618 553 704 631 quod
740 571 812 617 cum
849 553 1014 633 particula
1050 557 1142 627 ὅπως
1177 555 1359 637 copulatur,

172 658 322 741 pluribus
345 657 428 724 locis
452 657 596 723 editores
621 656 785 724 differunt.
817 660 932 730 Ὅπως
956 679 1028 725 cum
1051 659 1233 726 indicativo
1258 660 1360 725 futuri

174 772 252 848 post
272 767 375 831 verba
399 763 565 830 efficiendi
594 771 628 829 et
655 764 792 830 curandi
820 765 987 848 coniungi,
1018 784 1089 830 cum
1112 766 1279 832 sententia
1302 785 1362 847 per

175 875 268 943 ὅπως
299 871 455 937 incohata
487 870 610 936 obiecti
641 871 746 935 locum
782 872 825 935 ad
860 871 993 950 aliquod
1023 874 1160 938 verbum
1191 871 1225 937 id
1258 889 1361 954 genus

175 983 299 1063 teneat,
323 978 365 1043 ab
385 976 609 1058 grammaticis
628 976 840 1046 decantatum
859 982 920 1060 est,
945 978 1004 1043 sed
1026 977 1178 1043 meliores
1197 977 1361 1043 interdum

175 1085 276 1150 ctiam
308 1083 391 1148 illud
422 1085 551 1163 tempus
578 1081 613 1146 in
641 1082 683 1147 iis
710 1082 864 1148 finalibus
897 1083 1078 1149 enuntiatis
1109 1083 1245 1167 malunt,
1279 1102 1362 1163 quae

177 1191 220 1256 ad
242 1190 277 1255 id
300 1188 436 1255 verbum
457 1187 544 1253 unde
572 1189 719 1268 pendent
746 1208 804 1270 pro
834 1189 1002 1254 adverbiis
1030 1193 1238 1271 apponuntur
1265 1208 1362 1268 quae·

178 1316 240 1377 que
273 1313 332 1361 nos
366 1312 535 1359 vocamus:
572 1293 671 1360 finale
699 1294 988 1360 Aduerbialsttze.
1036 1293 1312 1377 ennuchum,
1342 1292 1363 1358 2

178 1405 195 1485 ξ
216 1398 280 1467 552
304 1404 338 1466 et
361 1402 379 1483 §
398 1397 462 1464 553
483 1397 737 1483 (18911898).-
771 1399 857 1465 Hnio
880 1400 954 1465 usui
977 1401 1221 1465 accommodate
1245 1401 1361 1483 tribus

177 1525 256 1589 quos
271 1505 401 1587 quidem
416 1504 608 1588 invenerim,
627 1505 710 1571 locis
725 1506 837 1571 Nabar
854 1510 930 1586 post
950 1508 1041 1577 ὅπως
1055 1506 1199 1571 futurum
1214 1504 1362 1586 scripsit:

179 1619 217 1683 Δ.
241 1616 321 1694 VII,
343 1613 419 1681 321:
451 1613 563 1676 Γάδον
586 1615 731 1694 ἔπεμψεν
754 1613 874 1682 obedo
896 1612 980 1695 πρὸς
1003 1613 1100 1677 αὐτὸν
1123 1620 1205 1695 τρεῖς
1228 1614 1363 1695 αἱρέσεις

178 1723 353 1803 κομίζοντα
377 1720 469 1789 ὅπως
493 1719 658 1792 ἒκᾹὲξεται.
678 1756 718 1763 -
745 1718 925 1800 vl1,331:
949 1718 1055 1782 Εἶπεν
1079 1721 1264 1801 ὠνήσεσθαι
1286 1722 1360 1802 παρ’

177 1827 277 1890 αὐτοῦ
301 1826 358 1908 τὴν
382 1825 450 1888 ἅλα)
465 1825 566 1895 ὅπως
588 1824 705 1907 βωμὸν
729 1826 763 1887 ἐν
785 1827 866 1907 αὐτῇ
890 1827 1121 1888 κατασκευάσει
1143 1833 1191 1907 τῷ
1213 1824 1286 1906 θεῷ
1308 1826 1363 1889 καὶ

177 1936 303 2015 ποιήσει
326 1933 453 1995 θυσίαν.
479 1968 519 1975 —-
544 1933 588 2008 X,
611 1931 690 2000 176:
713 1930 895 2013 Προσίασιν
919 1931 1181 2013 παρακαλοῦντες
1206 1931 1363 2013 δεηθῆναι

177 2045 235 2102 τοῦ
259 2040 339 2102 θεοῦ
364 2038 456 2108 ὅπως
484 2075 513 2082 -
532 2038 641 2106 αὐτοῖς
659 2036 819 2110 habdella
839 2035 907 2117 (hic
925 2033 1035 2100 finalis
1054 2022 1223 2100 sententia
1242 2034 1365 2100 obiecti

179 2160 311 2207 munere
335 2140 484 2223 iungitur
508 2142 709 2206 adverbum
734 2143 914 2224 δεηθῆναι).

267 2247 392 2331 Quibus
415 2244 534 2313 finibus
561 2245 665 2312 futuri
693 2251 767 2328 post
791 2248 883 2318 ὅπως
910 2264 987 2311 usus
1012 2245 1046 2311 in
1070 2246 1126 2330 iis,
1157 2265 1239 2326 quae
1263 2246 1364 2311 norni-

178 2355 271 2437 navi,
303 2353 485 2420 enuntiatis
515 2351 669 2418 finalibus
701 2354 743 2417 ab
778 2352 995 2433 scriptoribus
1029 2351 1193 2434 prioribus
1229 2353 1364 2417 circum-

180 2461 354 2544 scribatur,
379 2480 420 2525 ex
439 2458 585 2541 Weberi,
610 2456 666 2537 qui
688 2457 766 2522 illas
790 2458 974 2524 sententias
997 2458 1165 2538 perfectas
1191 2458 1366 2541 (vollstdn-

183 2567 260 2649 dige
274 2566 482 2648 Fiualsdtze)
502 2563 645 2647 vocavit,
666 2563 889 2644 disputatione
908 2564 1368 2646 ,Entwicklungsgeschichte

184 2673 243 2739 der
265 2672 520 2737 Absichtss'atze
544 2670 579 2734 ΙΙ
599 2668 833 2750 Abteiluugen'
858 2668 1067 2750 intelligitur.
1114 2670 1250 2736 Initium
1278 2669 1369 2750 capit

184 2779 328 2845 futurum
351 2783 427 2859 post
449 2780 541 2848 ὅπως
564 2795 605 2842 ex
629 2774 778 2856 Odyssea
801 2800 821 2838 α
845 2772 887 2839 56
913 2774 969 2858 (of.
984 2776 1038 2840 W.
1058 2776 1076 2839 I
1098 2796 1130 2856 p.
1146 2774 1199 2861 58,
1215 2772 1271 2859 59)
1295 2795 1368 2855 per-

184 2905 258 2952 raro
283 2887 324 2950 ab
348 2883 487 2965 tragicis
510 2881 618 2963 poetis
643 2880 699 2964 (cf.
724 2882 745 2945 l.
767 2900 794 2946 c.
819 2881 836 2945 Ι
859 2901 890 2962 p.
908 2879 997 2965 103),
1023 2880 1154 2961 saepius
1178 2882 1219 2946 ab
1239 2880 1368 2945 Aristo-

185 2993 293 3073 phane
318 2990 373 3074 (cf.
398 2988 478 3053 ibid.
503 2988 520 3052 Ι
544 3007 575 3068 p.
595 2985 670 3070 122,
691 2983 770 3069 127)
794 2987 991 3053 admittitur.
1038 2987 1260 3052 Excluscrunt
1282 2986 1369 3051 hunc

185 3096 288 3163 futuri
306 3114 399 3162 usum
419 3093 638 3175 Thucydides,
663 3093 703 3156 de
723 3112 785 3172 quo
804 3094 936 3175 legatm
954 3092 988 3157 in
1010 3092 1101 3157 illius
1124 3091 1370 3157 dissertationis

186 3223 217 3284 p.
241 3204 276 3267 ΙΙ
299 3222 332 3283 p.
357 3198 414 3284 13,
447 3205 595 3265 oratores
619 3197 727 3262 Attici
755 3203 888 3279 praeter
911 3199 1129 3282 Andocidem,
1166 3198 1218 3263 cni
1245 3199 1370 3263 duobus

186 3308 268 3374 locis
292 3309 323 3391 l,
348 3305 390 3371 43
415 3310 449 3371 et
472 3305 503 3390 Ι,
528 3302 571 3369 89
600 3304 683 3369 illud
711 3310 839 3384 tempus
867 3302 1032 3384 placuisse
1060 3303 1126 3369 iarn
1153 3304 1251 3369 Aken
1280 3304 1316 3386 (l.
1343 3321 1369 3368 c.

187 3435 218 3495 p.
243 3410 322 3496 106)
346 3411 485 3494 monuit,
512 3412 637 3476 Weber
661 3410 710 3493 (ΙΙ
733 3430 764 3490 p.
790 3406 846 3491 19)
870 3408 1016 3490 repetiit.
1064 3409 1114 3474 De
1138 3408 1371 3474 Demosthenis

187 3524 222 3584 et
244 3538 369 3603 earum,
394 3536 477 3597 quae
500 3518 560 3581 sub
584 3516 680 3581 huius
703 3515 833 3580 nominc
856 3514 1020 3598 feruntur,
1045 3514 1229 3580 orationum
1252 3514 1287 3578 in
1309 3514 1372 3578 hac

187 3643 223 3690 re
246 3643 334 3689 more
359 3623 590 3704 disputatura
614 3622 756 3686 Webero
781 3621 817 3684 ΙΙ
840 3640 870 3701 p.
887 3618 940 3704 37,
970 3639 1052 3700 quae
1077 3620 1277 3702 colligantur
1301 3638 1372 3685 curn

189 3731 334 3796 eiusdem
353 3729 432 3795 tomi
451 3749 482 3810 p.
499 3726 551 3792 31.
599 3727 651 3791 Ex
670 3727 811 3792 Platone
831 3726 971 3805 denique
985 3727 1109 3791 Weber
1130 3726 1180 3805 (ΙΙ
1199 3745 1230 3805 p.
1247 3721 1289 3788 60
1308 3727 1372 3808 sq.)

188 3837 334 3905 eiusdem
357 3835 461 3902 futuri
483 3853 560 3900 usus
585 3833 650 3898 tria
674 3833 833 3915 exempla,
859 3850 993 3911 quorum
1015 3851 1114 3896 unum
1138 3830 1244 3914 (Gorg
1263 3828 1327 3894 513
1339 3834 1372 3913 a)

189 3943 272 4008 satis
297 3948 422 4008 certum
445 3945 511 4025 est,
544 3941 606 4005 duo
631 3940 803 4023 (Phaedon
827 3936 867 4003 91
880 3956 911 4020 c,
941 3937 1050 4018 Symp.
1076 3933 1181 4019 1Ι4ο)
1205 3936 1240 4001 in
1269 3936 1373 4017 suspi-

190 4049 315 4114 cionem
349 4047 461 4114 vocari
497 4050 647 4128 possunt,
684 4064 742 4110 sex
778 4064 818 4109 ex
853 4043 1074 4123 Xenophonte
1106 4043 1155 4125 (ΙΙ
1178 4062 1209 4123 p.
1235 4037 1292 4124 78,
1316 4040 1372 4125 83)

190 4153 404 4223 enumeravit.
451 4154 517 4218 Sed
548 4157 585 4216 ut
617 4152 767 4232 dispecta
797 4152 860 4215 hac
891 4149 1061 4215 meliorum
1088 4150 1129 4214 de
1156 4148 1266 4212 futuro
1299 4152 1375 4228 post

190 4263 282 4333 ὅπως
304 4260 412 4340 posito
437 4256 671 4323 consuetudine
694 4258 836 4340 redeam,
860 4257 946 4322 uude
970 4256 1138 4338 digressus
1163 4273 1246 4337 sum,
1271 4252 1374 4333 primo

190 4385 300 4431 eorum
324 4365 437 4431 Flavii
460 4364 695 4444 antiquitatum
718 4363 875 4447 locorum,
909 4362 1025 4442 quibus
1056 4361 1200 4427 futurum
1231 4358 1375 4423 scriben-

191 4471 266 4539 dum
297 4489 370 4540 osso
402 4471 513 4539 Nabar
543 4469 718 4554 iudicavit,
755 4468 885 4535 codices
915 4467 1063 4536 universi
1094 4468 1135 4535 de
1168 4463 1375 4532 coniunctivo
