3240 5170
713 338 928 403 „24..

226 529 389 611 ἐκλέξηται
412 527 500 592 inter
523 546 559 592 se
583 528 769 611 concinunt,
797 530 1006 607 quamobrem
1030 527 1095 592 iam
1119 527 1245 608 priores
1269 528 1414 594 editores

226 634 450 716 Havercamp,
483 633 663 718 Oberthdr,
695 634 728 699 J.
744 634 879 699 Bekker
912 633 1006 697 illum
1040 635 1169 699 modum
1202 640 1413 717 receperunt,

227 739 368 804 secundo
401 738 523 804 codicis
553 741 583 805 R
608 740 718 805 scriba
744 741 918 806 verborum
949 744 1174 825 κατασκευάσῃ
1207 743 1262 805 καὶ
1292 745 1412 825 ποιήσῃ

227 845 367 910 alterum
391 844 521 923 quidem
544 846 654 911 futuro
678 847 834 930 mutavit,
868 848 927 911 sed
949 848 1032 911 haec
1055 865 1123 930 reS,
1157 847 1233 926 quia
1257 848 1300 912 ad
1322 847 1414 928 prius

226 953 363 1017 verbnm
385 969 450 1016 non
473 951 629 1037 pertinet,
653 953 749 1033 parvi
772 953 929 1019 momenti
952 958 1013 1018 est.
1054 952 1167 1019 'Pertio
1192 953 1331 1033 denique
1356 953 1414 1017 OL

228 1057 358 1123 codices
380 1059 542 1132 ὑποδεῖξαι
564 1059 701 1123 malunt.
748 1060 872 1141 Quarto
895 1060 967 1124 loco
992 1078 1033 1123 ex
1057 1060 1097 1124 A.
1118 1059 1211 1142 XIV,
1238 1057 1289 1143 12,
1314 1057 1334 1123 5
1359 1079 1413 1125 en-

229 1170 341 1245 cerpto
372 1165 546 1248 (βούλομαι
573 1167 659 1248 ὑμᾶς
687 1168 868 1248 φροντίσαι,
901 1169 950 1230 ἴνα
981 1204 1020 1211 -
1051 1169 1143 1249 ἔχητε
1171 1166 1249 1230 αὐτὸ
1273 1191 1413 1249 γεγραμ-

229 1275 342 1356 μένον,
378 1273 470 1341 ὅπως
502 1270 566 1333 ὑπὸ
597 1272 728 1335 πάντων
760 1274 1059 1353 ἀναγιγνώσκεσθαι
1092 1272 1236 1357 δύνηται)
1269 1271 1416 1337 futurum

230 1379 407 1462 δυνήσεται,
432 1376 517 1456 quod
539 1395 597 1456 pro
614 1378 745 1459 δύνηται
759 1378 967 1459 Havercamp
988 1384 1022 1444 et
1039 1377 1205 1443 Oberthtir
1219 1378 1415 1461 habuerunt,

229 1483 296 1549 iam
319 1484 352 1549 J.
369 1482 503 1548 Bekker
527 1483 703 1547 secuudum
726 1483 925 1548 Vaticanum
953 1483 1098 1549 codicem
1127 1481 1335 1548 coniunctivo
1359 1503 1414 1549 ex-

230 1588 339 1654 trusit.
386 1588 523 1655 Mimma
551 1588 655 1671 igitur
679 1608 719 1653 ex
743 1588 910 1654 codicibus
934 1588 1101 1663 insutum
1126 1589 1207 1655 fides
1232 1594 1293 1654 est.
1340 1589 1415 1654 IIlis

148 1766 150 1771 ,
229 1700 339 1760 autem
367 1695 476 1760 dubiis
505 1693 587 1759 locis
616 1695 736 1776 opponi
759 1700 896 1776 possunt
920 1715 960 1761 ex
984 1695 1133 1761 omnibus
1156 1697 1180 1760 J
1182 1695 1298 1776 osephi
1320 1695 1416 1761 libris

228 1801 384 1882 permulti
407 1800 480 1883 alii,
505 1800 575 1885 ubi,
600 1808 634 1866 et
658 1820 730 1866 cum
753 1800 852 1867 finale
876 1801 1081 1867 enuntiatum
1105 1800 1256 1867 adverbii
1283 1820 1416 1866 munere

228 1906 378 1989 fungitur
396 1913 431 1973 et
450 1926 522 1971 cum
541 1910 633 1979 ὅπως
652 1927 693 1972 ex
715 1909 817 1972 verbo
842 1907 912 1973 eius
936 1927 1032 1988 quam
1056 1928 1155 1989 supra
1178 1907 1248 1971 dixi
1271 1907 1415 1972 notionis

229 2013 365 2098 pendet,
402 2033 443 2079 ex
471 2014 612 2079 ommum
641 2014 787 2078 codicum
816 2032 976 2079 consensu
999 2015 1197 2095 particulam
1221 2015 1314 2084 ὅπως
1341 2033 1415 2078 con-

228 2120 394 2186 iunctivus
418 2120 567 2200 sequitur
589 2139 694 2200 neque
714 2120 822 2185 exitus
842 2122 1015 2185 verborum
1039 2120 1258 2200 suspicionem
1280 2120 1416 2185 habent.

229 2225 284 2290 Sic
321 2225 563 2292 coniunctivum
600 2226 778 2290 ostendunt
815 2226 855 2290 A.
885 2226 916 2309 I,
948 2224 1003 2309 18,
1042 2227 1092 2310 11,
1121 2223 1200 2309 325,
1238 2227 1307 2310 ΙΠ,
1337 2223 1417 2310 280,

229 2330 293 2415 III,
319 2328 398 2415 310,
436 2331 495 2414 IV,
522 2329 596 2415 104,
622 2327 696 2415 157,
722 2327 796 2414 261,
822 2328 897 2415 269,
922 2323 1001 2416 270,
1039 2332 1080 2416 V,
1105 2329 1161 2415 31,
1193 2332 1233 2417 V,
1259 2330 1312 2416 13,
1337 2330 1416 2415 212,

230 2438 287 2521 VI,
314 2435 391 2521 100,
429 2438 506 2521 VII,
531 2434 606 2522 131,
632 2435 695 2501 145
724 2442 758 2501 et
781 2456 823 2502 ex
845 2439 869 2502 J
872 2488 879 2502 .
894 2437 1041 2503 Bekkeri
1065 2438 1264 2503 auctoritate
1288 2443 1323 2503 et
1346 2439 1415 2503 edi·

227 2542 318 2608 tione
351 2543 412 2627 XI,
438 2541 802 2627 1,3-4,4-4,
828 2541 861 2627 0,
906 2543 986 2627 XII,
1012 2540 1208 2628 7,4-7,
1234 2542 1268 2627 7,
1314 2545 1413 2629 XIII,

229 2646 1413 2735 t‚3-1‚o-5,8ois-6,5-o,7-9,2ter;x1v‚

229 2753 281 2839 15,
307 2754 340 2839 1,
365 2756 461 2840 ΧΙΧ,
487 2753 562 2820 285.
609 2756 672 2820 His
696 2757 861 2821 addantur
884 2776 925 2820 ex
948 2757 986 2821 Β.
1007 2757 1030 2822 J
1034 2781 1055 2821 .:
1079 2757 1124 2839 II,
1149 2754 1180 2839 9,
1205 2753 1225 2819 9
1250 2795 1290 2802 -
1316 2753 1369 2840 10,
1393 2754 1414 2820 4

230 2859 349 2945 -21,
375 2858 408 2944 7,
455 2862 514 2946 IV,
539 2859 570 2945 3,
596 2859 652 2946 14,
699 2862 739 2947 V,
764 2862 795 2947 3,
820 2862 854 2947 5,
901 2863 978 2947 711,
1004 2859 1413 2946 6,5-8,1-8,7

229 3006 269 3013 -
296 2963 392 3051 10,1
420 3006 459 3014 -
486 2965 538 3052 11,
563 2965 593 3033 3.
621 3007 661 3014 -
704 2969 769 3033 Pro
799 2969 1007 3035 coniunctiuo
1039 2967 1223 3049 optativum
1255 2987 1295 3033 ex
1323 2970 1415 3039 ὅπως

228 3073 372 3153 pendere
396 3093 492 3155 posse
516 3093 581 3139 non
600 3073 713 3139 Flavii
736 3075 903 3157 proprium
926 3077 985 3141 sed
1005 3074 1183 3139 communis
1203 3074 1325 3139 Graeci
1348 3091 1415 3137 ser-

229 3181 333 3245 monis
358 3199 430 3246 esso
455 3186 596 3245 constat.
643 3181 697 3244 Ita
729 3186 839 3246 autem
867 3182 954 3246 modi
983 3181 1244 3262 distinguuntur,
1280 3184 1317 3243 ut
1340 3198 1414 3243 cou-

228 3285 394 3352 iunctiuus
413 3292 489 3367 post
508 3287 616 3351 omnia
636 3291 794 3371 tempora,
814 3287 983 3369 optatirus
1003 3287 1091 3351 intra
1107 3286 1272 3364 obliquam
1286 3288 1416 3349 tantum

228 3392 410 3458 orationem
433 3398 491 3458 aut
515 3411 581 3477 eas,
606 3412 687 3472 quas
711 3394 927 3473 praeteritum
949 3395 1086 3458 verbum
1108 3391 1206 3474 regit,
1231 3390 1415 3455 sententias

228 3498 430 3564 inveniatur:
465 3500 528 3563 hoc
551 3503 588 3563 ut
612 3498 835 3584 confirmetur,
865 3500 1032 3581 legantur:
1057 3499 1097 3562 A.
1124 3499 1150 3582 I,
1175 3495 1232 3579 98,
1265 3497 1310 3579 II,
1336 3492 1415 3579 203,

227 3606 286 3689 IV,
313 3602 392 3689 170,
417 3605 457 3689 V,
484 3602 561 3687 112,
586 3605 645 3689 71,
666 3602 723 3688 70,
747 3605 824 3688 711,
850 3602 928 3687 181,
953 3603 1050 3688 XIII,
1072 3601 1124 3687 11,
1145 3600 1178 3686 2,
1203 3604 1314 3686 XVII,
1335 3600 1415 3685 110,

228 3711 358 3795 XVHI,
379 3706 454 3794 171,
476 3708 554 3793 201,
579 3711 674 3794 ΧΙΧ,
696 3707 748 3775 27.
795 3711 834 3774 Β.
854 3711 887 3776 J.
908 3711 934 3793 I,
956 3707 1008 3795 24,
1030 3707 1063 3793 1,
1088 3710 1133 3794 II,
1154 3706 1206 3792 11,
1227 3707 1247 3772 2
1268 3706 1413 3792 -15,1

226 3813 537 3901 -18,7-21,
580 3814 614 3899 2,
639 3817 698 3901 IV,
724 3814 758 3901 7,
783 3815 818 3900 3,
860 3817 900 3900 7,
926 3814 960 3901 7,
984 3814 1020 3899 4,
1062 3816 1125 3899 71,
1150 3811 1354 3897 Aet-8,
1379 3817 1414 3897 2,

228 3923 304 4006 VII,
322 3921 352 4006 1,
370 3920 387 3986 1
405 3961 445 3969 —
461 3921 492 4006 5,
508 3920 528 3986 4
545 3961 585 3968 -
602 3918 632 4005 7,
650 3920 722 3986 3-
736 3920 767 4005 8,
783 3920 813 3987 5.
843 3920 972 3988 vicos.
996 3923 1131 3987 Duobus
1146 3920 1238 4003 locis,
1259 3924 1415 3998 quantum

226 4029 334 4111 video,
358 4029 527 4109 optativus
551 4046 708 4109 praesens
737 4028 897 4108 seqnitur:
927 4029 967 4093 A.
993 4027 1089 4112 XIX,
1114 4025 1169 4092 9οε
1216 4026 1328 4108 Θύρας
1351 4028 1414 4109 ἔχει

228 4138 288 4199 δύο
324 4138 489 4220 φερούσας
525 4134 573 4217 (τὸ
601 4136 754 4218 θέατρον)
791 4138 848 4219 τὴν
880 4136 941 4219 μὲν
973 4138 1017 4205 εἷς
1049 4136 1179 4216 αἴθριον
1212 4133 1269 4215 τὴν
1303 4132 1338 4195 δὲ
1370 4134 1415 4201 εἰς

227 4243 325 4306 στοὰν
359 4243 497 4311 εἰσόδοις
535 4243 590 4304 καὶ
629 4244 877 4326 ἀποχωρήσεσιν
912 4243 1004 4311 ὅπως
1042 4241 1088 4323 μὴ
1134 4240 1344 4321 ταράσσοιντο
1384 4239 1416 4300 οἱ

227 4352 322 4414 ἔνδον
346 4350 586 4431 ἀπειλημμένοι.
629 4348 819 4432 Theatrum,
845 4350 967 4427 dequo
991 4346 1147 4411 hocloco
1172 4342 1293 4425 agitur,
1317 4362 1415 4406 unum

227 4475 267 4521 ex
296 4453 344 4520 eis
373 4453 494 4539 lIgneis
517 4453 650 4523 videtur
675 4454 793 4542 fuisse,
827 4472 910 4539 quae
935 4451 1035 4519 etiam
1060 4450 1237 4519 Caesarum
1259 4447 1414 4534 tempori·
