3240 5170
716 345 932 412 „pum

231 543 282 601 cst
305 536 481 618 participio
505 538 619 602 voleus
644 536 798 617 scriptori
822 555 953 601 sensum
976 534 1145 615 imponens
1169 534 1224 614 qui
1243 555 1284 600 ex
1303 534 1414 600 verbis

230 644 312 724 ipsis
344 644 401 709 vix
434 643 661 724 proficiscitur.
715 644 794 708 eun
829 640 1053 707 accusativum
1088 643 1248 725 ἀγόμενον
1285 641 1414 706 codices

230 750 459 834 metuetur,
485 769 564 829 quos
585 751 627 814 ari
647 750 861 830 archetypum
881 747 1029 813 omnibus
1049 766 1247 811 communem
1267 747 1414 827 proxime

229 874 294 944 non
316 876 390 921 raro
416 857 573 922 accedere
597 860 737 939 constat,
762 855 889 937 pariter
907 857 1100 938 praebeant,
1124 855 1207 918 haec
1230 852 1336 918 forma
1360 873 1414 935 ge-

229 962 330 1027 nuina
361 981 434 1027 esse
466 963 546 1027 mihi
577 961 723 1046 violetur,
757 962 808 1027 cui
839 966 1024 1043 apponatur
1055 979 1231 1041 pronomen
1265 963 1340 1043 σὴν,
1372 962 1414 1024 ab

229 1068 359 1133 illorum
375 1068 521 1133 codicum
536 1069 654 1133 scribis
669 1069 865 1133 mutilatum.
903 1067 1051 1132 Facilius
1067 1066 1154 1131 euim
1171 1072 1222 1131 est
1241 1066 1415 1131 intellectu

230 1174 345 1239 littera
374 1180 507 1239 extrusa
531 1176 701 1254 alteraque
725 1174 776 1238 bis
805 1175 930 1254 scripta
958 1193 998 1237 ex
1025 1173 1138 1238 verbis
1167 1174 1327 1255 ἀγόμενον
1356 1174 1415 1254 σήν

232 1281 472 1361 complexiones
501 1284 661 1365 ἀγόμενον
690 1285 730 1363 ἣν
753 1281 808 1344 Vel
834 1281 993 1363 ἀγόμενος
1022 1280 1061 1362 ἦν
1084 1279 1139 1343 Vel
1168 1281 1327 1362 ἀγόμενος
1355 1282 1415 1360 σήν

231 1392 320 1451 ortas
345 1406 441 1466 quam
465 1388 629 1452 contrarie
653 1387 775 1451 formas
800 1386 953 1451 confusas
978 1403 1060 1450 esse.
1099 1388 1331 1468 &pectinavero
1350 1402 1415 1449 non

230 1492 287 1557 illo
312 1512 419 1577 seusu,
446 1511 540 1573 quem
563 1494 742 1559 Holwerda
767 1493 797 1557 ei
821 1493 957 1575 detulit,
981 1492 1228 1575 interpreteris,
1257 1492 1316 1555 sed
1339 1490 1415 1554 sim-

230 1599 311 1680 plici
338 1599 452 1683 medii,
483 1618 577 1678 quem
604 1598 795 1682 germanice
814 1599 979 1663 reddimus
1003 1618 1084 1663 voce
1107 1599 1168 1663 mit
1191 1598 1262 1662 sich
1286 1596 1414 1662 filhreu.

232 1706 337 1772 Comi:
362 1707 402 1771 A.
428 1707 561 1790 XVIII,
588 1704 666 1770 12ος
707 1706 884 1775 Οὐιτέλλιος
919 1708 1251 1789 παρασκευασάμενος
1286 1705 1335 1775 ὡς
1371 1706 1414 1774 είς

230 1815 373 1896 πόλεμον
396 1813 450 1876 τόν
473 1815 556 1896 πρὸς
575 1814 705 1895 Ἀρέταν
731 1815 802 1877 δυσὶ
829 1814 985 1895 τάγμασιν
1016 1814 1155 1875 ὁπλιτῶν
1183 1814 1253 1876 ὅσοι
1281 1836 1314 1874 τε
1341 1809 1414 1891 περὶ

230 1921 309 1983 αὐτὰ
333 1921 422 2002 φιλοὶ
450 1923 504 1983 καὶ
529 1923 632 1990 ἱππεῖς
656 1926 901 2002 συμμαχοῦντες
925 1922 960 1983 ε’κ
985 1926 1050 1982 τῶν
1076 1919 1138 1982 ῦπδ
1159 1919 1330 2000 Ῥωμαίοις
1353 1918 1412 1998 βα-

231 2029 355 2091 σιλειῶν
390 2027 548 2110 ἀγόμενος
584 2028 633 2089 ε’πὶ
668 2035 723 2109 τῆς
746 2027 874 2108 Πέτρας
909 2028 1063 2108 ἠπείγετο
1090 2063 1130 2070 -
1169 2023 1303 2106 XVIII,
1337 2018 1415 2085 246:

227 2134 375 2216 Ἄνήγετο
400 2134 450 2196 έπὶ
474 2135 530 2216 τὴν
551 2134 680 2216 Ῥώμην
705 2136 771 2215 ἅμα
802 2134 836 2196 δὲ
866 2133 921 2195 καί
950 2134 1006 2215 τὴν
1026 2131 1217 2219 Ἡρωδιάδα
1246 2131 1415 2212 ἀγόμενος.

232 2239 270 2302 ld
303 2257 381 2302 sane
415 2239 656 2303 concedendum
689 2242 740 2303 est
771 2236 925 2303 Flavium
956 2237 1049 2302 illam
1083 2236 1249 2302 notionem
1284 2234 1415 2313 saepius

230 2344 328 2423 idque
351 2364 416 2409 non
440 2344 489 2408 ita
513 2345 610 2425 longe
635 2346 675 2407 ab
701 2344 849 2427 soloen,
881 2345 966 2408 unde
995 2361 1147 2425 egressus
1176 2361 1260 2426 sum,
1290 2358 1416 2419 compo-

190 2504 194 2523 ,
231 2450 294 2515 sito
316 2452 417 2515 verbe
438 2453 615 2532 ἐπάγεσθαι
635 2451 817 2530 exprimere
836 2448 997 2531 (611207
1012 2449 1416 2533 ε’νάδελφῆςέπαγόμενος

231 2559 369 2640 σχήματι
392 2558 449 2638 τὴν
471 2557 618 2639 Σάρραν,
643 2556 670 2635 I
685 2553 758 2640 162,
779 2554 854 2640 311,
875 2555 950 2640 826,
974 2557 1009 2620 Π
1033 2553 1111 2638 307)
1137 2554 1299 2620 seditem
1322 2557 1413 2616 reete

231 2681 266 2727 se
289 2663 391 2726 habet
411 2662 624 2742 compositum
643 2665 779 2727 verbum
798 2664 905 2743 spatio
930 2662 1104 2728 interiecto
1133 2662 1272 2742 simplex
1302 2660 1417 2724 cadem

231 2767 473 2850 significatione
497 2768 683 2849 praeditum
706 2766 798 2848 sequi
822 2788 928 2850 posse.
973 2769 1028 2851 (cf.
1049 2770 1135 2833 siun.
1156 2768 1201 2852 ll,
1222 2764 1278 2832 85:
1309 2766 1416 2848 Λιμόν

232 2876 386 2958 Αἰγύπτῳ
410 2877 464 2939 καὶ
489 2877 651 2959 ἀκαρπίαν
675 2877 726 2937 ἐπὶ
749 2883 886 2939 τοσαῦτα
909 2876 1244 2958 προκαταγγέλλουσιν
1267 2878 1319 2957 ἔτι]
1338 2924 1343 2936 .
1361 2925 1367 2935 .
1385 2924 1414 2935 ..

232 2983 279 3052 ὡς
306 2983 363 3064 τὴν
390 2984 514 3046 τούτων
537 2985 693 3065 εὐφορίαν
716 2988 782 3044 τῶν
811 2983 892 3045 ἑτῶν
921 2982 985 3045 ὑπὸ
1016 2989 1073 3064 τῆς
1098 3018 1138 3025 —-
1164 2983 1303 3063 ἀφορίας
1331 2982 1414 3043 ῦπα-

186 3076 196 3083 ’
231 3090 419 3170 ναλαιδῆναι
443 3092 478 3152 et
500 3085 588 3151 infra
611 3084 667 3151 88:
702 3087 924 3170 Συνεβοόλευε
949 3139 954 3151 .
976 3138 982 3150 .
1004 3138 1009 3150 .
1031 3139 1037 3149 .
1062 3088 1098 3158 ὅς
1121 3091 1160 3150 ἂν
1184 3087 1265 3163 κατὰ
1289 3086 1417 3169 τρυφὴν

232 3195 443 3257 ἀναλώσωσιν
471 3196 506 3257 ἒκ
534 3199 691 3274 περιττοῦ,
715 3201 811 3256 ταῦτα
835 3200 949 3276 τηρεῖν.
997 3192 1158 3257 Similiter
1181 3193 1219 3256 B.
1240 3193 1272 3257 J.
1297 3193 1324 3276 Ι,
1346 3189 1417 3275 6,2

233 3301 477 3382 δισμισσυμέρῳ
501 3305 535 3363 et
559 3294 589 3382 6,
613 3296 634 3361 4
658 3302 814 3382 μισῆσαι).
861 3299 1045 3364 Pronomeu
1074 3307 1199 3384 autem,
1232 3318 1293 3378 quo
1322 3317 1416 3364 accu-

232 3405 359 3471 sativus
385 3407 546 3487 ἀγόμενσν
564 3403 738 3489 referatur,
763 3429 798 3469 σε
821 3424 884 3470 non
908 3406 1014 3487 magis
1039 3406 1206 3470 desideres
1231 3425 1327 3485 quam
1351 3405 1417 3470 alio

230 3511 302 3576 loce
328 3511 368 3574 Α.
393 3511 420 3593 Ι,
446 3508 524 3574 247:
556 3509 789 3595 Νυμφεόσειαν
813 3513 859 3583 ὡς
887 3515 995 3582 αὐτοῖς
1024 3513 1086 3575 ε’στι
1114 3516 1348 3595 κεχαρισμένον
1373 3514 1416 3581 είς

232 3618 323 3681 οἷκον
348 3617 468 3699 ἀνδρὸς
492 3620 621 3700 ἀγαθοῦ
645 3620 764 3689 παῖδας
787 3619 876 3701 αὐτῷ
905 3620 1079 3701 τεξομένην
1099 3620 1267 3702 γνησίους.
1314 3616 1415 3682 Deni-

232 3742 293 3802 que
317 3724 360 3787 ad
385 3725 520 3806 ἠδίκουν
545 3742 585 3787 ex
607 3724 821 3803 praecedenti
844 3726 923 3807 μηδ’
950 3728 989 3787 ἂν
1009 3726 1186 3807 ὀρεχθῆναι
1204 3723 1416 3805 participium

230 3830 326 3894 huius
346 3828 491 3894 eiusdem
510 3828 605 3893 uerbi
628 3829 676 3893 ita
700 3830 863 3914 audiatur,
887 3836 924 3894 ut
947 3835 1019 3893 tota
1043 3831 1331 3910 comprehensione
1355 3828 1416 3895 hoc

232 3935 451 4000 contineatur:
486 3936 527 3999 (la
556 3936 599 3999 clu
626 3937 706 4000 aber
735 3935 911 4017 argentiol
941 3936 1037 4000 deine
1062 3935 1249 4000 Schwester
1276 3937 1337 4001 mit
1365 3936 1417 4001 dir

230 4042 385 4124 iiihrtest,
410 4041 553 4122 begieng
571 4041 624 4105 ich
644 4041 722 4106 luein
743 4042 891 4106 Unreclrt
910 4062 952 4106 an
972 4041 1032 4125 dir,
1057 4041 1167 4106 iurlem
1191 4043 1245 4107 ich
1269 4042 1415 4107 dieselbe

230 4148 406 4229 begehrte:
430 4149 465 4213 τὸ
490 4149 660 4231 όρέγεσδαι
683 4167 748 4212 uon
772 4153 845 4212 erat
869 4150 998 4213 ἀδικεῖν.

321 4258 340 4322 Ι
365 4256 441 4324 328.
486 4254 613 4338 Νείμας
642 4255 702 4319 οὖν
725 4254 799 4325 τοὺς
828 4254 886 4318 σῦν
910 4257 999 4337 αὐτῷ
1027 4255 1102 4326 τοὺς
1129 4257 1189 4338 μὲν
1212 4257 1415 4338 προῦπεμπε,

231 4361 307 4432 τοῦς
337 4363 371 4424 δὲ
399 4363 608 4443 λειπομένους
631 4363 750 4424 δᾶττον
779 4360 922 4424 ἐκέλευεν
951 4363 1154 4425 ἀκολουθεῖν.
1202 4361 1257 4424 Sic
1281 4361 1417 4441 scripsit

231 4466 343 4532 Naber
365 4468 484 4531 ῦᾶττσν
509 4472 623 4531 contra
647 4466 777 4531 codices
802 4466 856 4544 qui
880 4466 980 4530 ἆσσον
1005 4468 1233 4531 commendant
1257 4467 1415 4533 coniecto.
