3240 5170
753 260 970 325 »εο-ῌ

272 450 391 516 defuit:
424 451 536 530 itaque
568 450 602 515 in
636 450 787 516 versione
816 468 873 514 suo
907 449 1027 514 indicio
1056 448 1206 533 ‚effigies
1234 448 1383 514 inseruit.
1414 487 1454 494 —

272 556 431 622 Fortasse
463 563 567 622 ποιῶν
591 557 757 637 Josephus
790 555 937 636 scripsit:
972 574 1043 620 cum
1076 555 1270 620 elocutionis
1303 557 1456 620 ubertate

271 670 378 728 ποιῶν
403 702 442 709 -
468 666 637 746 εἰργάσατο
667 666 873 742 comparetur
897 662 938 725 A.
963 662 1031 745 ΙΙΙ,
1057 660 1112 726 36:
1143 664 1315 726 ἀπολύσειν
1338 662 1456 732 αὐτοὺς

272 772 327 834 καὶ
350 773 465 855 ταύτης
488 778 544 853 τῆς
568 772 713 853 ἀνάγκης
741 756 845 851 ἐλεγέ
872 768 926 832 τὸν
954 769 1033 833 θεὸν
1056 771 1111 832 καὶ
1134 770 1326 852 κεχαρίσθαι
1350 792 1455 850 σωτη-

272 879 344 959 ρίαν
368 880 476 947 αὐτοῖς
511 877 586 939 οὐδ’
613 876 831 948 ἐλπισθεῖσαν,
864 877 900 939 ἐκ
934 883 989 958 τῆς
1017 878 1135 957 πέτρας
1167 874 1316 957 ποταμὸν
1348 876 1457 944 αὐτοῖς

272 984 451 1064 ῥυήσεσθαι
483 985 613 1065 λέγων.
660 982 728 1065 An,
763 980 791 1044 si
815 981 1037 1061 Havercampi
1065 982 1168 1046 verba
1201 978 1457 1059 interpungendi

270 1087 433 1152 rationem
450 1090 635 1172 probamus,
655 1087 828 1169 obiectum,
849 1088 934 1166 quod
948 1087 1165 1170 desideratur,
1189 1089 1306 1152 εἴδωλα
1321 1084 1457 1167 excidit,

272 1193 392 1274 quippe
417 1194 502 1272 quod
524 1193 642 1259 iisdem
671 1213 710 1258 ac
741 1194 1098 1272 sequens-vocabulum
1120 1177 1245 1257 litteris
1268 1192 1458 1257 incohatum

271 1297 372 1363 facile
395 1299 559 1364 transiliri
582 1299 749 1381 potuerit?
796 1299 889 1382 Quod
913 1298 1055 1365 sirecte
1079 1301 1190 1383 habet,
1215 1297 1328 1377 utique
1352 1297 1456 1378 parti-

272 1404 392 1486 cipium
420 1408 458 1469 ὄν
486 1405 683 1488 eiciendum,
717 1405 750 1470 in
783 1404 983 1470 sententiola
1010 1405 1137 1469 inclusa
1166 1406 1301 1470 verbum
1327 1403 1457 1468 finitum

272 1515 353 1575 ἐστίν
377 1517 435 1575 aut
458 1511 498 1594 ἦν
521 1511 718 1577 audiendum
742 1517 803 1576 est.
836 1512 908 1575 Hoc
933 1511 1072 1590 denique
1096 1512 1231 1576 verbum
1244 1510 1277 1575 in
1292 1508 1456 1574 Flaviano

272 1636 421 1683 sermone
446 1617 555 1682 omitti
578 1635 675 1699 posse
699 1618 770 1681 loco
794 1637 835 1682 ex
859 1620 900 1682 A.
925 1618 970 1701 Π,
986 1615 1028 1682 26
1053 1622 1208 1697 excerpto
1234 1654 1273 1661 —
1298 1622 1335 1680 ut
1357 1635 1456 1680 unum

272 1740 313 1787 ex
336 1723 449 1788 multis
474 1724 633 1804 exemplis
657 1724 844 1805 proferatur
860 1763 899 1769 —
916 1724 1103 1788 ostenditur
1128 1724 1323 1806 (προσετίθει
1347 1723 1456 1785 δὲκαὶ

272 1838 369 1893 ταῦτα
398 1837 463 1900 τοῖς
491 1833 738 1914 προειρημένοις
767 1832 813 1901 ὡς
837 1831 979 1913 ἀδελφὸν
1003 1831 1081 1894 οὐδὲ
1104 1831 1300 1913 ἀδικήσαντα
1325 1831 1456 1893 κτείνειν

272 1938 371 2009 ὅσιον,
395 1935 496 2000 καλὸν
520 1938 555 1999 δὲ
578 1937 633 2000 καὶ
656 1937 691 2000 τὸ
713 1938 760 2019 μὴ
785 1937 1019 2020 μνησικακεῖν).
1051 1966 1053 1970 ⁴

364 2044 461 2117 VIII,
488 2042 566 2111 302.
609 2042 691 2105 Ἀλλ’
721 2043 833 2124 ὥσπερ
863 2046 897 2106 οἳ
917 2041 1069 2124 (Naberi)
1097 2045 1323 2125 προκειμένων
1347 2043 1456 2113 αὐτοῖς
1532 2032 1534 2035 ’

272 2149 386 2211 ἄθλων
416 2148 496 2211 ἐπάν
528 2150 604 2231 περί
633 2174 660 2210 τι
694 2151 924 2213 σπουδάσωσιν
957 2150 996 2212 οὐ
1032 2150 1226 2212 διαλείπουσι
1258 2149 1331 2231 περὶ
1360 2154 1455 2210 τοῦτο

271 2255 487 2336 ἐνεργοῦντες,
517 2255 603 2317 οὕτω
628 2254 693 2316 κεῖ.
740 2254 848 2318 Krebs
878 2252 1162 2336 (Wochenschrift
1190 2253 1243 2318 fiir
1270 2252 1455 2316 klassische

271 2359 458 2440 Philologie
483 2355 570 2423 1886
594 2357 633 2422 N.
659 2356 715 2442 35)
744 2359 1021 2440 praepositionem
1048 2362 1124 2441 περί
1149 2364 1226 2424 ante
1250 2367 1344 2423 τοῦτο
1368 2361 1455 2441 ἐνερ-

272 2473 401 2548 γοῦντες
425 2464 567 2529 exclusit
590 2464 790 2529 auctoritate
809 2465 942 2547 Polybii
966 2471 1000 2529 et
1014 2464 1152 2529 Diodori
1174 2466 1281 2530 nisus:
1306 2463 1457 2544 exempla

271 2577 381 2636 autern
410 2591 450 2636 en
479 2571 618 2652 Polybio
648 2571 764 2636 attulit
793 2572 858 2635 alio
887 2572 958 2635 loco
989 2573 1068 2654 (Zur
1095 2570 1241 2636 Rektion
1271 2573 1330 2636 der
1354 2572 1456 2635 Casus

272 2677 317 2761 ΙΙ,
333 2674 386 2760 21,
403 2674 448 2760 5).
492 2677 601 2742 Minus
624 2677 677 2742 his
701 2677 895 2759 Polybianis
920 2678 1079 2758 exemplis
1103 2697 1199 2757 quam
1222 2682 1361 2741 naturae
1380 2675 1455 2761 loci,

271 2783 311 2846 de
336 2801 397 2862 quo
422 2780 542 2867 agitur,
567 2791 602 2849 et
625 2783 744 2849 Flavio
768 2783 833 2863 ipsi
858 2783 993 2866 confido,
1019 2803 1090 2848 cum
1113 2782 1256 2846 Krebsio
1281 2781 1454 2846 assentior.

271 2887 446 2953 Facillime
471 2890 557 2955 enim
581 2890 745 2955 declarari
767 2895 888 2973 potest,
913 2891 1070 2968 quomodo
1095 2889 1149 2954 hic
1172 2893 1247 2973 περί
1263 2887 1297 2953 in
1312 2887 1455 2970 genuina

270 2993 383 3059 Flavii
406 2997 509 3060 verba
533 2995 719 3076 irrepserit:
743 2995 942 3076 repetitione
957 2995 1186 3076 praecedentis
1201 2995 1347 3060 eiusdem
1360 3012 1455 3075 prae·

270 3100 445 3181 positionis
471 3104 559 3185 (περί
574 3128 601 3164 τι
616 3103 859 3185 σπουδάσωσιν)
876 3102 910 3167 iu
925 3101 996 3166 fieri
1010 3102 1128 3183 potuit.
1161 3101 1225 3166 Sed
1240 3101 1344 3165 maius
1359 3116 1455 3180 argu-

270 3212 414 3271 mentum
437 3206 468 3271 ei
493 3208 548 3286 qui
572 3207 736 3290 ,Flavium
760 3227 801 3272 ex
825 3207 943 3273 Flavio
958 3207 1183 3289 Interpretari
1207 3206 1319 3270 studet
1332 3205 1367 3269 id
1382 3223 1454 3269 esse

270 3313 437 3397 videatur,
466 3315 552 3393 qnod
580 3313 634 3377 hic
658 3313 800 3394 scriptor
828 3314 948 3379 ceteris
972 3314 1054 3379 locis
1077 3315 1213 3379 verbum
1236 3315 1374 3395 ἐνεργεῖν
1397 3318 1456 3374 aut

271 3418 495 3504 intransitive,
520 3425 557 3484 ut
580 3420 788 3500 grammatici
812 3421 926 3485 dicunt
950 3420 1040 3503 (vide
1064 3420 1104 3484 A.
1130 3419 1205 3503 XV,
1221 3415 1287 3502 el
1312 3418 1454 3481 καὶτῶν

269 3527 330 3608 μὲν
354 3528 596 3609 ἐνεργησάντων
620 3529 742 3609 ἐγένετο
766 3529 904 3610 τιμωρία
920 3565 960 3572 —-
987 3526 1066 3591 Vita
1081 3523 1124 3589 32
1139 3527 1214 3596 τοὺς
1229 3527 1454 3608 ἀρχιτέκτονας

270 3633 419 3695 ἐκέλευον
443 3634 592 3715 ἐνεργεῖν)
618 3637 676 3696 aut
700 3651 771 3697 cum
795 3631 985 3697 accusativo
1010 3631 1218 3696 coniunctum
1242 3629 1341 3713 (conf.
1362 3629 1400 3692 Β.
1419 3614 1453 3693 J.

270 3736 319 3819 ΙΙ,
343 3734 378 3820 8,
404 3735 439 3802 6:
477 3741 538 3802 οὐκ
566 3740 648 3801 ἐστιν
678 3740 734 3811 ὅ,τι
760 3740 806 3821 μὴ
836 3742 1019 3822 ἐνεργοῦσιν
1053 3777 1093 3784 -
1128 3738 1190 3822 IV,
1217 3735 1250 3820 6,
1276 3734 1309 3800 l:
1334 3737 1370 3798 τά
1396 3737 1452 3798 θο-

269 3845 388 3927 χθέντα
414 3846 448 3908 ὅέ
472 3847 582 3928 τάχιον
609 3846 664 3908 καὶ
696 3854 753 3928 τῆς
785 3847 925 3916 ἐπινοίας
957 3848 1116 3929 ἐνήργουν
1141 3882 1181 3889 -
1207 3850 1241 3908 et
1264 3841 1365 3907 infra:
1398 3842 1453 3905 τὸν

269 3951 373 4032 φόνον
397 3952 555 4033 ἐνήργουν
580 3988 620 3996 -
651 3950 690 4033 V,
716 3948 746 4033 2,
772 3947 789 4013 l
816 3953 889 4015 οὔτε
909 3952 1080 4035 Ῥωμαίοις
1103 3976 1129 4013 τι
1154 3950 1291 4032 σμικρὸν
1315 3951 1453 4031 ἐνεργεῖν

268 4059 382 4138 πρέπει
392 4094 431 4100 -
440 4057 480 4119 A.
488 4056 551 4140 ΙΙΙ,
560 4053 623 4119 155
634 4059 697 4127 ἕως
707 4059 810 4140 μηδὲν
821 4059 839 4120 ὁ
851 4058 953 4140 ῖερεὺς
963 4058 1094 4139 ἐνεργεῖ)
1106 4062 1252 4136 usurpat.
1277 4053 1453 4119 Passivum

268 4162 408 4242 denique
419 4162 564 4227 eiusdem
574 4161 669 4227 verbi
679 4162 817 4227 occurit:
834 4163 874 4226 A.
887 4162 947 4244 XI,
957 4159 1014 4246 2,l
1031 4163 1295 4245 Ἐνεργουμένων
1305 4167 1370 4224 τῶν
1380 4161 1453 4242 περὶ

268 4270 323 4332 τὸν
337 4270 424 4333 ναόν.
441 4306 481 4313 —·
507 4268 546 4332 B.
560 4268 593 4333 J.
605 4268 664 4351 IV,
676 4264 706 4350 3,
719 4264 752 4332 7;
780 4269 822 4331 Τὸ
837 4275 901 4331 τῶν
916 4269 1159 4350 ἐνεργουμένων
1174 4267 1400 4350 ἀλγεινότερον.
1410 4302 1450 4309 -

268 4374 327 4457 IV,
343 4372 373 4457 4,
390 4371 424 4439 3;
453 4375 625 4457 Ἐγνώσθιγ
650 4374 686 4435 τά
711 4376 793 4437 κατὰ
817 4376 873 4457 τὴν
897 4376 1010 4457 χώραν
1033 4374 1200 4455 λαθραίως
1223 4372 1447 4453 ἐνεργούμενα,

1584 4996 1600 5095 1
